%YAML 1.1
%TAG !u! tag:unity3d.com,2011:
--- !u!29 &1
OcclusionCullingSettings:
  m_ObjectHideFlags: 0
  serializedVersion: 2
  m_OcclusionBakeSettings:
    smallestOccluder: 5
    smallestHole: 0.25
    backfaceThreshold: 100
  m_SceneGUID: 00000000000000000000000000000000
  m_OcclusionCullingData: {fileID: 0}
--- !u!104 &2
RenderSettings:
  m_ObjectHideFlags: 0
  serializedVersion: 9
  m_Fog: 0
  m_FogColor: {r: 0.5, g: 0.5, b: 0.5, a: 1}
  m_FogMode: 3
  m_FogDensity: 0.01
  m_LinearFogStart: 0
  m_LinearFogEnd: 300
  m_AmbientSkyColor: {r: 0.5019608, g: 0.5019608, b: 0.5019608, a: 1}
  m_AmbientEquatorColor: {r: 1, g: 1, b: 1, a: 1}
  m_AmbientGroundColor: {r: 0, g: 0, b: 0, a: 1}
  m_AmbientIntensity: 1
  m_AmbientMode: 1
  m_SubtractiveShadowColor: {r: 0.42, g: 0.478, b: 0.627, a: 1}
  m_SkyboxMaterial: {fileID: 2100000, guid: 54206616389994243b5af68a76873dd2, type: 2}
  m_HaloStrength: 0.5
  m_FlareStrength: 1
  m_FlareFadeSpeed: 3
  m_HaloTexture: {fileID: 0}
  m_SpotCookie: {fileID: 10001, guid: 0000000000000000e000000000000000, type: 0}
  m_DefaultReflectionMode: 0
  m_DefaultReflectionResolution: 128
  m_ReflectionBounces: 1
  m_ReflectionIntensity: 1
  m_CustomReflection: {fileID: 0}
  m_Sun: {fileID: 0}
  m_IndirectSpecularColor: {r: 0.17933157, g: 0.10350657, b: 0.22136378, a: 1}
  m_UseRadianceAmbientProbe: 0
--- !u!157 &3
LightmapSettings:
  m_ObjectHideFlags: 0
  serializedVersion: 12
  m_GIWorkflowMode: 1
  m_GISettings:
    serializedVersion: 2
    m_BounceScale: 1
    m_IndirectOutputScale: 1
    m_AlbedoBoost: 1
    m_EnvironmentLightingMode: 0
    m_EnableBakedLightmaps: 1
    m_EnableRealtimeLightmaps: 0
  m_LightmapEditorSettings:
    serializedVersion: 12
    m_Resolution: 2
    m_BakeResolution: 40
    m_AtlasSize: 1024
    m_AO: 0
    m_AOMaxDistance: 1
    m_CompAOExponent: 1
    m_CompAOExponentDirect: 0
    m_ExtractAmbientOcclusion: 0
    m_Padding: 2
    m_LightmapParameters: {fileID: 0}
    m_LightmapsBakeMode: 1
    m_TextureCompression: 1
    m_FinalGather: 0
    m_FinalGatherFiltering: 1
    m_FinalGatherRayCount: 256
    m_ReflectionCompression: 2
    m_MixedBakeMode: 2
    m_BakeBackend: 1
    m_PVRSampling: 1
    m_PVRDirectSampleCount: 32
    m_PVRSampleCount: 512
    m_PVRBounces: 2
    m_PVREnvironmentSampleCount: 256
    m_PVREnvironmentReferencePointCount: 2048
    m_PVRFilteringMode: 1
    m_PVRDenoiserTypeDirect: 1
    m_PVRDenoiserTypeIndirect: 1
    m_PVRDenoiserTypeAO: 1
    m_PVRFilterTypeDirect: 0
    m_PVRFilterTypeIndirect: 0
    m_PVRFilterTypeAO: 0
    m_PVREnvironmentMIS: 1
    m_PVRCulling: 1
    m_PVRFilteringGaussRadiusDirect: 1
    m_PVRFilteringGaussRadiusIndirect: 5
    m_PVRFilteringGaussRadiusAO: 2
    m_PVRFilteringAtrousPositionSigmaDirect: 0.5
    m_PVRFilteringAtrousPositionSigmaIndirect: 2
    m_PVRFilteringAtrousPositionSigmaAO: 1
    m_ExportTrainingData: 0
    m_TrainingDataDestination: TrainingData
    m_LightProbeSampleCountMultiplier: 4
  m_LightingDataAsset: {fileID: 0}
  m_LightingSettings: {fileID: 0}
--- !u!196 &4
NavMeshSettings:
  serializedVersion: 2
  m_ObjectHideFlags: 0
  m_BuildSettings:
    serializedVersion: 2
    agentTypeID: 0
    agentRadius: 0.5
    agentHeight: 2
    agentSlope: 45
    agentClimb: 0.4
    ledgeDropHeight: 0
    maxJumpAcrossDistance: 0
    minRegionArea: 2
    manualCellSize: 0
    cellSize: 0.16666667
    manualTileSize: 0
    tileSize: 256
    accuratePlacement: 0
    maxJobWorkers: 0
    preserveTilesOutsideBounds: 0
    debug:
      m_Flags: 0
  m_NavMeshData: {fileID: 0}
--- !u!1001 &58324594
PrefabInstance:
  m_ObjectHideFlags: 0
  serializedVersion: 2
  m_Modification:
    m_TransformParent: {fileID: 0}
    m_Modifications:
    - target: {fileID: 7623456931246591960, guid: 4261e4e3489e18841935d92163cad3cc, type: 3}
      propertyPath: m_Name
      value: GridlessMainCamera
      objectReference: {fileID: 0}
    - target: {fileID: 7623456931246591962, guid: 4261e4e3489e18841935d92163cad3cc, type: 3}
      propertyPath: field of view
      value: 40
      objectReference: {fileID: 0}
    - target: {fileID: 7623456931246591962, guid: 4261e4e3489e18841935d92163cad3cc, type: 3}
      propertyPath: far clip plane
      value: 70000
      objectReference: {fileID: 0}
    - target: {fileID: 7623456931246591963, guid: 4261e4e3489e18841935d92163cad3cc, type: 3}
      propertyPath: m_RootOrder
      value: 0
      objectReference: {fileID: 0}
    - target: {fileID: 7623456931246591963, guid: 4261e4e3489e18841935d92163cad3cc, type: 3}
      propertyPath: m_LocalPosition.x
      value: -45
      objectReference: {fileID: 0}
    - target: {fileID: 7623456931246591963, guid: 4261e4e3489e18841935d92163cad3cc, type: 3}
      propertyPath: m_LocalPosition.y
      value: -326
      objectReference: {fileID: 0}
    - target: {fileID: 7623456931246591963, guid: 4261e4e3489e18841935d92163cad3cc, type: 3}
      propertyPath: m_LocalPosition.z
      value: -420
      objectReference: {fileID: 0}
    - target: {fileID: 7623456931246591963, guid: 4261e4e3489e18841935d92163cad3cc, type: 3}
      propertyPath: m_LocalRotation.w
      value: 1
      objectReference: {fileID: 0}
    - target: {fileID: 7623456931246591963, guid: 4261e4e3489e18841935d92163cad3cc, type: 3}
      propertyPath: m_LocalRotation.x
      value: 0
      objectReference: {fileID: 0}
    - target: {fileID: 7623456931246591963, guid: 4261e4e3489e18841935d92163cad3cc, type: 3}
      propertyPath: m_LocalRotation.y
      value: 0
      objectReference: {fileID: 0}
    - target: {fileID: 7623456931246591963, guid: 4261e4e3489e18841935d92163cad3cc, type: 3}
      propertyPath: m_LocalRotation.z
      value: 0
      objectReference: {fileID: 0}
    - target: {fileID: 7623456931246591963, guid: 4261e4e3489e18841935d92163cad3cc, type: 3}
      propertyPath: m_LocalEulerAnglesHint.x
      value: 12.935
      objectReference: {fileID: 0}
    - target: {fileID: 7623456931246591963, guid: 4261e4e3489e18841935d92163cad3cc, type: 3}
      propertyPath: m_LocalEulerAnglesHint.y
      value: 0
      objectReference: {fileID: 0}
    - target: {fileID: 7623456931246591963, guid: 4261e4e3489e18841935d92163cad3cc, type: 3}
      propertyPath: m_LocalEulerAnglesHint.z
      value: 0
      objectReference: {fileID: 0}
    m_RemovedComponents: []
  m_SourcePrefab: {fileID: 100100000, guid: 4261e4e3489e18841935d92163cad3cc, type: 3}
--- !u!1 &89047250
GameObject:
  m_ObjectHideFlags: 0
  m_CorrespondingSourceObject: {fileID: 0}
  m_PrefabInstance: {fileID: 0}
  m_PrefabAsset: {fileID: 0}
  serializedVersion: 6
  m_Component:
  - component: {fileID: 89047253}
  - component: {fileID: 89047252}
  - component: {fileID: 89047251}
  m_Layer: 0
  m_Name: EventSystem
  m_TagString: Untagged
  m_Icon: {fileID: 0}
  m_NavMeshLayer: 0
  m_StaticEditorFlags: 0
  m_IsActive: 1
--- !u!114 &89047251
MonoBehaviour:
  m_ObjectHideFlags: 0
  m_CorrespondingSourceObject: {fileID: 0}
  m_PrefabInstance: {fileID: 0}
  m_PrefabAsset: {fileID: 0}
  m_GameObject: {fileID: 89047250}
  m_Enabled: 1
  m_EditorHideFlags: 0
  m_Script: {fileID: 11500000, guid: 4f231c4fb786f3946a6b90b886c48677, type: 3}
  m_Name: 
  m_EditorClassIdentifier: 
  m_HorizontalAxis: Horizontal
  m_VerticalAxis: Vertical
  m_SubmitButton: Submit
  m_CancelButton: Cancel
  m_InputActionsPerSecond: 10
  m_RepeatDelay: 0.5
  m_ForceModuleActive: 0
--- !u!114 &89047252
MonoBehaviour:
  m_ObjectHideFlags: 0
  m_CorrespondingSourceObject: {fileID: 0}
  m_PrefabInstance: {fileID: 0}
  m_PrefabAsset: {fileID: 0}
  m_GameObject: {fileID: 89047250}
  m_Enabled: 1
  m_EditorHideFlags: 0
  m_Script: {fileID: 11500000, guid: 76c392e42b5098c458856cdf6ecaaaa1, type: 3}
  m_Name: 
  m_EditorClassIdentifier: 
  m_FirstSelected: {fileID: 0}
  m_sendNavigationEvents: 1
  m_DragThreshold: 10
--- !u!4 &89047253
Transform:
  m_ObjectHideFlags: 0
  m_CorrespondingSourceObject: {fileID: 0}
  m_PrefabInstance: {fileID: 0}
  m_PrefabAsset: {fileID: 0}
  m_GameObject: {fileID: 89047250}
  m_LocalRotation: {x: 0, y: 0, z: 0, w: 1}
  m_LocalPosition: {x: 0, y: 0, z: 0}
  m_LocalScale: {x: 1, y: 1, z: 1}
  m_Children: []
  m_Father: {fileID: 0}
  m_RootOrder: 3
  m_LocalEulerAnglesHint: {x: 0, y: 0, z: 0}
--- !u!1 &168762133
GameObject:
  m_ObjectHideFlags: 0
  m_CorrespondingSourceObject: {fileID: 0}
  m_PrefabInstance: {fileID: 0}
  m_PrefabAsset: {fileID: 0}
  serializedVersion: 6
  m_Component:
  - component: {fileID: 168762135}
  - component: {fileID: 168762134}
  m_Layer: 0
  m_Name: CM vcam2
  m_TagString: Untagged
  m_Icon: {fileID: 0}
  m_NavMeshLayer: 0
  m_StaticEditorFlags: 0
  m_IsActive: 1
--- !u!114 &168762134
MonoBehaviour:
  m_ObjectHideFlags: 0
  m_CorrespondingSourceObject: {fileID: 0}
  m_PrefabInstance: {fileID: 0}
  m_PrefabAsset: {fileID: 0}
  m_GameObject: {fileID: 168762133}
  m_Enabled: 1
  m_EditorHideFlags: 0
  m_Script: {fileID: 11500000, guid: 45e653bab7fb20e499bda25e1b646fea, type: 3}
  m_Name: 
  m_EditorClassIdentifier: 
  m_ExcludedPropertiesInInspector:
  - m_Script
  m_LockStageInInspector: 
  m_StreamingVersion: 20170927
  m_Priority: 10
  m_StandbyUpdate: 2
  m_LookAt: {fileID: 696249316}
  m_Follow: {fileID: 0}
  m_Lens:
    FieldOfView: 60
    OrthographicSize: 5
    NearClipPlane: 0.3
    FarClipPlane: 3000
    Dutch: 0
    LensShift: {x: 0, y: 0}
  m_Transitions:
    m_BlendHint: 0
    m_InheritPosition: 0
    m_OnCameraLive:
      m_PersistentCalls:
        m_Calls: []
  m_LegacyBlendHint: 0
  m_ComponentOwner: {fileID: 2091237648}
--- !u!4 &168762135
Transform:
  m_ObjectHideFlags: 0
  m_CorrespondingSourceObject: {fileID: 0}
  m_PrefabInstance: {fileID: 0}
  m_PrefabAsset: {fileID: 0}
  m_GameObject: {fileID: 168762133}
  m_LocalRotation: {x: 0.46115607, y: 0.16193, z: -0.08601449, w: 0.86816776}
  m_LocalPosition: {x: -169.95096, y: 12.799999, z: -22.84}
  m_LocalScale: {x: 1, y: 1, z: 1}
  m_Children:
  - {fileID: 2091237648}
  m_Father: {fileID: 0}
  m_RootOrder: 10
  m_LocalEulerAnglesHint: {x: 4.507, y: 80.731, z: -0.087}
--- !u!1 &196263735
GameObject:
  m_ObjectHideFlags: 0
  m_CorrespondingSourceObject: {fileID: 0}
  m_PrefabInstance: {fileID: 0}
  m_PrefabAsset: {fileID: 0}
  serializedVersion: 6
  m_Component:
  - component: {fileID: 196263736}
  - component: {fileID: 196263738}
  - component: {fileID: 196263737}
  m_Layer: 5
  m_Name: PlanetPanel
  m_TagString: Untagged
  m_Icon: {fileID: 0}
  m_NavMeshLayer: 0
  m_StaticEditorFlags: 0
  m_IsActive: 1
--- !u!224 &196263736
RectTransform:
  m_ObjectHideFlags: 0
  m_CorrespondingSourceObject: {fileID: 0}
  m_PrefabInstance: {fileID: 0}
  m_PrefabAsset: {fileID: 0}
  m_GameObject: {fileID: 196263735}
  m_LocalRotation: {x: -0, y: -0, z: -0, w: 1}
  m_LocalPosition: {x: 0, y: 0, z: 0}
  m_LocalScale: {x: 2.013302, y: 2.013302, z: 2.013302}
  m_Children:
  - {fileID: 2117760943}
  - {fileID: 540586793}
  m_Father: {fileID: 2029731591}
  m_RootOrder: 0
  m_LocalEulerAnglesHint: {x: 0, y: 0, z: 0}
  m_AnchorMin: {x: 0, y: 1}
  m_AnchorMax: {x: 0, y: 1}
  m_AnchoredPosition: {x: 1005, y: -157}
  m_SizeDelta: {x: 534.96655, y: 46.435547}
  m_Pivot: {x: 0.5, y: 0.5}
--- !u!114 &196263737
MonoBehaviour:
  m_ObjectHideFlags: 0
  m_CorrespondingSourceObject: {fileID: 0}
  m_PrefabInstance: {fileID: 0}
  m_PrefabAsset: {fileID: 0}
  m_GameObject: {fileID: 196263735}
  m_Enabled: 1
  m_EditorHideFlags: 0
  m_Script: {fileID: 11500000, guid: fe87c0e1cc204ed48ad3b37840f39efc, type: 3}
  m_Name: 
  m_EditorClassIdentifier: 
  m_Material: {fileID: 0}
  m_Color: {r: 0, g: 0, b: 0, a: 0.392}
  m_RaycastTarget: 1
  m_RaycastPadding: {x: 0, y: 0, z: 0, w: 0}
  m_Maskable: 1
  m_OnCullStateChanged:
    m_PersistentCalls:
      m_Calls: []
  m_Sprite: {fileID: 10907, guid: 0000000000000000f000000000000000, type: 0}
  m_Type: 1
  m_PreserveAspect: 0
  m_FillCenter: 1
  m_FillMethod: 4
  m_FillAmount: 1
  m_FillClockwise: 1
  m_FillOrigin: 0
  m_UseSpriteMesh: 0
  m_PixelsPerUnitMultiplier: 1
--- !u!222 &196263738
CanvasRenderer:
  m_ObjectHideFlags: 0
  m_CorrespondingSourceObject: {fileID: 0}
  m_PrefabInstance: {fileID: 0}
  m_PrefabAsset: {fileID: 0}
  m_GameObject: {fileID: 196263735}
  m_CullTransparentMesh: 1
--- !u!1001 &230931355
PrefabInstance:
  m_ObjectHideFlags: 0
  serializedVersion: 2
  m_Modification:
    m_TransformParent: {fileID: 0}
    m_Modifications:
    - target: {fileID: 938896339623014312, guid: c710946151a499e44be0b7091c8cef4a, type: 3}
      propertyPath: text1
      value: Click on the planet you want to save!
      objectReference: {fileID: 0}
    - target: {fileID: 8594077414706337494, guid: c710946151a499e44be0b7091c8cef4a, type: 3}
      propertyPath: m_Name
      value: DialogueCanvas
      objectReference: {fileID: 0}
    - target: {fileID: 8594077414706337498, guid: c710946151a499e44be0b7091c8cef4a, type: 3}
      propertyPath: m_Pivot.x
      value: 0
      objectReference: {fileID: 0}
    - target: {fileID: 8594077414706337498, guid: c710946151a499e44be0b7091c8cef4a, type: 3}
      propertyPath: m_Pivot.y
      value: 0
      objectReference: {fileID: 0}
    - target: {fileID: 8594077414706337498, guid: c710946151a499e44be0b7091c8cef4a, type: 3}
      propertyPath: m_RootOrder
      value: 17
      objectReference: {fileID: 0}
    - target: {fileID: 8594077414706337498, guid: c710946151a499e44be0b7091c8cef4a, type: 3}
      propertyPath: m_AnchorMax.x
      value: 0
      objectReference: {fileID: 0}
    - target: {fileID: 8594077414706337498, guid: c710946151a499e44be0b7091c8cef4a, type: 3}
      propertyPath: m_AnchorMax.y
      value: 0
      objectReference: {fileID: 0}
    - target: {fileID: 8594077414706337498, guid: c710946151a499e44be0b7091c8cef4a, type: 3}
      propertyPath: m_AnchorMin.x
      value: 0
      objectReference: {fileID: 0}
    - target: {fileID: 8594077414706337498, guid: c710946151a499e44be0b7091c8cef4a, type: 3}
      propertyPath: m_AnchorMin.y
      value: 0
      objectReference: {fileID: 0}
    - target: {fileID: 8594077414706337498, guid: c710946151a499e44be0b7091c8cef4a, type: 3}
      propertyPath: m_SizeDelta.x
      value: 0
      objectReference: {fileID: 0}
    - target: {fileID: 8594077414706337498, guid: c710946151a499e44be0b7091c8cef4a, type: 3}
      propertyPath: m_SizeDelta.y
      value: 0
      objectReference: {fileID: 0}
    - target: {fileID: 8594077414706337498, guid: c710946151a499e44be0b7091c8cef4a, type: 3}
      propertyPath: m_LocalPosition.x
      value: 0
      objectReference: {fileID: 0}
    - target: {fileID: 8594077414706337498, guid: c710946151a499e44be0b7091c8cef4a, type: 3}
      propertyPath: m_LocalPosition.y
      value: 0
      objectReference: {fileID: 0}
    - target: {fileID: 8594077414706337498, guid: c710946151a499e44be0b7091c8cef4a, type: 3}
      propertyPath: m_LocalPosition.z
      value: 0
      objectReference: {fileID: 0}
    - target: {fileID: 8594077414706337498, guid: c710946151a499e44be0b7091c8cef4a, type: 3}
      propertyPath: m_LocalRotation.w
      value: 1
      objectReference: {fileID: 0}
    - target: {fileID: 8594077414706337498, guid: c710946151a499e44be0b7091c8cef4a, type: 3}
      propertyPath: m_LocalRotation.x
      value: 0
      objectReference: {fileID: 0}
    - target: {fileID: 8594077414706337498, guid: c710946151a499e44be0b7091c8cef4a, type: 3}
      propertyPath: m_LocalRotation.y
      value: 0
      objectReference: {fileID: 0}
    - target: {fileID: 8594077414706337498, guid: c710946151a499e44be0b7091c8cef4a, type: 3}
      propertyPath: m_LocalRotation.z
      value: 0
      objectReference: {fileID: 0}
    - target: {fileID: 8594077414706337498, guid: c710946151a499e44be0b7091c8cef4a, type: 3}
      propertyPath: m_AnchoredPosition.x
      value: 0
      objectReference: {fileID: 0}
    - target: {fileID: 8594077414706337498, guid: c710946151a499e44be0b7091c8cef4a, type: 3}
      propertyPath: m_AnchoredPosition.y
      value: 0
      objectReference: {fileID: 0}
    - target: {fileID: 8594077414706337498, guid: c710946151a499e44be0b7091c8cef4a, type: 3}
      propertyPath: m_LocalEulerAnglesHint.x
      value: 0
      objectReference: {fileID: 0}
    - target: {fileID: 8594077414706337498, guid: c710946151a499e44be0b7091c8cef4a, type: 3}
      propertyPath: m_LocalEulerAnglesHint.y
      value: 0
      objectReference: {fileID: 0}
    - target: {fileID: 8594077414706337498, guid: c710946151a499e44be0b7091c8cef4a, type: 3}
      propertyPath: m_LocalEulerAnglesHint.z
      value: 0
      objectReference: {fileID: 0}
    m_RemovedComponents: []
  m_SourcePrefab: {fileID: 100100000, guid: c710946151a499e44be0b7091c8cef4a, type: 3}
--- !u!1 &311103618
GameObject:
  m_ObjectHideFlags: 0
  m_CorrespondingSourceObject: {fileID: 0}
  m_PrefabInstance: {fileID: 0}
  m_PrefabAsset: {fileID: 0}
  serializedVersion: 6
  m_Component:
  - component: {fileID: 311103622}
  - component: {fileID: 311103621}
  - component: {fileID: 311103620}
  - component: {fileID: 311103619}
  - component: {fileID: 311103623}
  m_Layer: 0
  m_Name: Music Planet
  m_TagString: Planet
  m_Icon: {fileID: 0}
  m_NavMeshLayer: 0
  m_StaticEditorFlags: 0
  m_IsActive: 1
--- !u!135 &311103619
SphereCollider:
  m_ObjectHideFlags: 0
  m_CorrespondingSourceObject: {fileID: 0}
  m_PrefabInstance: {fileID: 0}
  m_PrefabAsset: {fileID: 0}
  m_GameObject: {fileID: 311103618}
  m_Material: {fileID: 0}
  m_IsTrigger: 0
  m_Enabled: 1
  serializedVersion: 2
  m_Radius: 0.5
  m_Center: {x: 0, y: 0, z: 0}
--- !u!23 &311103620
MeshRenderer:
  m_ObjectHideFlags: 0
  m_CorrespondingSourceObject: {fileID: 0}
  m_PrefabInstance: {fileID: 0}
  m_PrefabAsset: {fileID: 0}
  m_GameObject: {fileID: 311103618}
  m_Enabled: 1
  m_CastShadows: 1
  m_ReceiveShadows: 1
  m_DynamicOccludee: 1
  m_MotionVectors: 1
  m_LightProbeUsage: 1
  m_ReflectionProbeUsage: 1
  m_RayTracingMode: 2
  m_RayTraceProcedural: 0
  m_RenderingLayerMask: 1
  m_RendererPriority: 0
  m_Materials:
  - {fileID: 2100000, guid: 748e04029b0b2c14c8b1eb6dffec4943, type: 2}
  m_StaticBatchInfo:
    firstSubMesh: 0
    subMeshCount: 0
  m_StaticBatchRoot: {fileID: 0}
  m_ProbeAnchor: {fileID: 0}
  m_LightProbeVolumeOverride: {fileID: 0}
  m_ScaleInLightmap: 1
  m_ReceiveGI: 1
  m_PreserveUVs: 0
  m_IgnoreNormalsForChartDetection: 0
  m_ImportantGI: 0
  m_StitchLightmapSeams: 1
  m_SelectedEditorRenderState: 3
  m_MinimumChartSize: 4
  m_AutoUVMaxDistance: 0.5
  m_AutoUVMaxAngle: 89
  m_LightmapParameters: {fileID: 0}
  m_SortingLayerID: 0
  m_SortingLayer: 0
  m_SortingOrder: 0
  m_AdditionalVertexStreams: {fileID: 0}
--- !u!33 &311103621
MeshFilter:
  m_ObjectHideFlags: 0
  m_CorrespondingSourceObject: {fileID: 0}
  m_PrefabInstance: {fileID: 0}
  m_PrefabAsset: {fileID: 0}
  m_GameObject: {fileID: 311103618}
  m_Mesh: {fileID: 10207, guid: 0000000000000000e000000000000000, type: 0}
--- !u!4 &311103622
Transform:
  m_ObjectHideFlags: 0
  m_CorrespondingSourceObject: {fileID: 0}
  m_PrefabInstance: {fileID: 0}
  m_PrefabAsset: {fileID: 0}
  m_GameObject: {fileID: 311103618}
  m_LocalRotation: {x: -0.026622511, y: 0.42324287, z: 0.056852616, w: 0.90383875}
  m_LocalPosition: {x: -249.66518, y: -398.049, z: 2801}
  m_LocalScale: {x: 454.71002, y: 454.71002, z: 454.71002}
  m_Children: []
  m_Father: {fileID: 0}
  m_RootOrder: 14
  m_LocalEulerAnglesHint: {x: -5.523, y: 49.962, z: 4.624}
--- !u!114 &311103623
MonoBehaviour:
  m_ObjectHideFlags: 0
  m_CorrespondingSourceObject: {fileID: 0}
  m_PrefabInstance: {fileID: 0}
  m_PrefabAsset: {fileID: 0}
  m_GameObject: {fileID: 311103618}
  m_Enabled: 1
  m_EditorHideFlags: 0
  m_Script: {fileID: 11500000, guid: 641e01791eea8964c9171f12a8240b8f, type: 3}
  m_Name: 
  m_EditorClassIdentifier: 
  cutscenePlanet: {fileID: 604507312}
  planetPanel: {fileID: 196263736}
--- !u!1 &432619901
GameObject:
  m_ObjectHideFlags: 0
  m_CorrespondingSourceObject: {fileID: 0}
  m_PrefabInstance: {fileID: 0}
  m_PrefabAsset: {fileID: 0}
  serializedVersion: 6
  m_Component:
  - component: {fileID: 432619902}
  - component: {fileID: 432619905}
  - component: {fileID: 432619904}
  - component: {fileID: 432619903}
  m_Layer: 5
  m_Name: SelectButton
  m_TagString: Untagged
  m_Icon: {fileID: 0}
  m_NavMeshLayer: 0
  m_StaticEditorFlags: 0
  m_IsActive: 1
--- !u!224 &432619902
RectTransform:
  m_ObjectHideFlags: 0
  m_CorrespondingSourceObject: {fileID: 0}
  m_PrefabInstance: {fileID: 0}
  m_PrefabAsset: {fileID: 0}
  m_GameObject: {fileID: 432619901}
  m_LocalRotation: {x: 0, y: 0, z: 0, w: 1}
  m_LocalPosition: {x: 0, y: 0, z: 0}
  m_LocalScale: {x: 3.1229, y: 3.1229, z: 3.1229}
  m_Children:
  - {fileID: 962002307}
  m_Father: {fileID: 540586793}
  m_RootOrder: 3
  m_LocalEulerAnglesHint: {x: 0, y: 0, z: 0}
  m_AnchorMin: {x: 0.5, y: 0.5}
  m_AnchorMax: {x: 0.5, y: 0.5}
  m_AnchoredPosition: {x: 0, y: -717}
  m_SizeDelta: {x: 160, y: 30}
  m_Pivot: {x: 0.5, y: 0.5}
--- !u!114 &432619903
MonoBehaviour:
  m_ObjectHideFlags: 0
  m_CorrespondingSourceObject: {fileID: 0}
  m_PrefabInstance: {fileID: 0}
  m_PrefabAsset: {fileID: 0}
  m_GameObject: {fileID: 432619901}
  m_Enabled: 1
  m_EditorHideFlags: 0
  m_Script: {fileID: 11500000, guid: 4e29b1a8efbd4b44bb3f3716e73f07ff, type: 3}
  m_Name: 
  m_EditorClassIdentifier: 
  m_Navigation:
    m_Mode: 0
    m_WrapAround: 0
    m_SelectOnUp: {fileID: 0}
    m_SelectOnDown: {fileID: 0}
    m_SelectOnLeft: {fileID: 0}
    m_SelectOnRight: {fileID: 0}
  m_Transition: 1
  m_Colors:
    m_NormalColor: {r: 1, g: 1, b: 1, a: 1}
    m_HighlightedColor: {r: 0.9607843, g: 0.9607843, b: 0.9607843, a: 1}
    m_PressedColor: {r: 0.78431374, g: 0.78431374, b: 0.78431374, a: 1}
    m_SelectedColor: {r: 0.9607843, g: 0.9607843, b: 0.9607843, a: 1}
    m_DisabledColor: {r: 0.78431374, g: 0.78431374, b: 0.78431374, a: 0.5019608}
    m_ColorMultiplier: 1
    m_FadeDuration: 0.1
  m_SpriteState:
    m_HighlightedSprite: {fileID: 0}
    m_PressedSprite: {fileID: 0}
    m_SelectedSprite: {fileID: 0}
    m_DisabledSprite: {fileID: 0}
  m_AnimationTriggers:
    m_NormalTrigger: Normal
    m_HighlightedTrigger: Highlighted
    m_PressedTrigger: Pressed
    m_SelectedTrigger: Selected
    m_DisabledTrigger: Disabled
  m_Interactable: 1
  m_TargetGraphic: {fileID: 432619904}
  m_OnClick:
    m_PersistentCalls:
      m_Calls: []
--- !u!114 &432619904
MonoBehaviour:
  m_ObjectHideFlags: 0
  m_CorrespondingSourceObject: {fileID: 0}
  m_PrefabInstance: {fileID: 0}
  m_PrefabAsset: {fileID: 0}
  m_GameObject: {fileID: 432619901}
  m_Enabled: 1
  m_EditorHideFlags: 0
  m_Script: {fileID: 11500000, guid: fe87c0e1cc204ed48ad3b37840f39efc, type: 3}
  m_Name: 
  m_EditorClassIdentifier: 
  m_Material: {fileID: 0}
  m_Color: {r: 1, g: 1, b: 1, a: 1}
  m_RaycastTarget: 1
  m_RaycastPadding: {x: 0, y: 0, z: 0, w: 0}
  m_Maskable: 1
  m_OnCullStateChanged:
    m_PersistentCalls:
      m_Calls: []
  m_Sprite: {fileID: 10905, guid: 0000000000000000f000000000000000, type: 0}
  m_Type: 1
  m_PreserveAspect: 0
  m_FillCenter: 1
  m_FillMethod: 4
  m_FillAmount: 1
  m_FillClockwise: 1
  m_FillOrigin: 0
  m_UseSpriteMesh: 0
  m_PixelsPerUnitMultiplier: 1
--- !u!222 &432619905
CanvasRenderer:
  m_ObjectHideFlags: 0
  m_CorrespondingSourceObject: {fileID: 0}
  m_PrefabInstance: {fileID: 0}
  m_PrefabAsset: {fileID: 0}
  m_GameObject: {fileID: 432619901}
  m_CullTransparentMesh: 1
--- !u!1 &481634705
GameObject:
  m_ObjectHideFlags: 0
  m_CorrespondingSourceObject: {fileID: 0}
  m_PrefabInstance: {fileID: 0}
  m_PrefabAsset: {fileID: 0}
  serializedVersion: 6
  m_Component:
  - component: {fileID: 481634709}
  - component: {fileID: 481634708}
  - component: {fileID: 481634707}
  - component: {fileID: 481634706}
  - component: {fileID: 481634710}
  m_Layer: 0
  m_Name: Cutscene_Camera
  m_TagString: Untagged
  m_Icon: {fileID: 0}
  m_NavMeshLayer: 0
  m_StaticEditorFlags: 0
  m_IsActive: 1
--- !u!114 &481634706
MonoBehaviour:
  m_ObjectHideFlags: 0
  m_CorrespondingSourceObject: {fileID: 0}
  m_PrefabInstance: {fileID: 0}
  m_PrefabAsset: {fileID: 0}
  m_GameObject: {fileID: 481634705}
  m_Enabled: 1
  m_EditorHideFlags: 0
  m_Script: {fileID: 11500000, guid: 72ece51f2901e7445ab60da3685d6b5f, type: 3}
  m_Name: 
  m_EditorClassIdentifier: 
  m_ShowDebugText: 0
  m_ShowCameraFrustum: 1
  m_IgnoreTimeScale: 0
  m_WorldUpOverride: {fileID: 0}
  m_UpdateMethod: 2
  m_BlendUpdateMethod: 1
  m_DefaultBlend:
    m_Style: 1
    m_Time: 2
    m_CustomCurve:
      serializedVersion: 2
      m_Curve: []
      m_PreInfinity: 2
      m_PostInfinity: 2
      m_RotationOrder: 4
  m_CustomBlends: {fileID: 0}
  m_CameraCutEvent:
    m_PersistentCalls:
      m_Calls: []
  m_CameraActivatedEvent:
    m_PersistentCalls:
      m_Calls: []
--- !u!81 &481634707
AudioListener:
  m_ObjectHideFlags: 0
  m_CorrespondingSourceObject: {fileID: 0}
  m_PrefabInstance: {fileID: 0}
  m_PrefabAsset: {fileID: 0}
  m_GameObject: {fileID: 481634705}
  m_Enabled: 0
--- !u!20 &481634708
Camera:
  m_ObjectHideFlags: 0
  m_CorrespondingSourceObject: {fileID: 0}
  m_PrefabInstance: {fileID: 0}
  m_PrefabAsset: {fileID: 0}
  m_GameObject: {fileID: 481634705}
  m_Enabled: 1
  serializedVersion: 2
  m_ClearFlags: 1
  m_BackGroundColor: {r: 0.19215687, g: 0.3019608, b: 0.4745098, a: 0}
  m_projectionMatrixMode: 1
  m_GateFitMode: 2
  m_FOVAxisMode: 0
  m_SensorSize: {x: 36, y: 24}
  m_LensShift: {x: 0, y: 0}
  m_FocalLength: 50
  m_NormalizedViewPortRect:
    serializedVersion: 2
    x: 0
    y: 0
    width: 1
    height: 1
  near clip plane: 0.3
  far clip plane: 70000
  field of view: 40
  orthographic: 0
  orthographic size: 5
  m_Depth: 0
  m_CullingMask:
    serializedVersion: 2
    m_Bits: 4294967295
  m_RenderingPath: -1
  m_TargetTexture: {fileID: 0}
  m_TargetDisplay: 0
  m_TargetEye: 3
  m_HDR: 1
  m_AllowMSAA: 1
  m_AllowDynamicResolution: 0
  m_ForceIntoRT: 0
  m_OcclusionCulling: 1
  m_StereoConvergence: 10
  m_StereoSeparation: 0.022
--- !u!4 &481634709
Transform:
  m_ObjectHideFlags: 0
  m_CorrespondingSourceObject: {fileID: 0}
  m_PrefabInstance: {fileID: 0}
  m_PrefabAsset: {fileID: 0}
  m_GameObject: {fileID: 481634705}
  m_LocalRotation: {x: 0, y: 0, z: 0, w: 1}
  m_LocalPosition: {x: -45, y: -326, z: -420}
  m_LocalScale: {x: 1, y: 1, z: 1}
  m_Children: []
  m_Father: {fileID: 0}
  m_RootOrder: 9
  m_LocalEulerAnglesHint: {x: -2.994, y: 80.696, z: 0}
--- !u!95 &481634710
Animator:
  serializedVersion: 3
  m_ObjectHideFlags: 0
  m_CorrespondingSourceObject: {fileID: 0}
  m_PrefabInstance: {fileID: 0}
  m_PrefabAsset: {fileID: 0}
  m_GameObject: {fileID: 481634705}
  m_Enabled: 1
  m_Avatar: {fileID: 0}
  m_Controller: {fileID: 0}
  m_CullingMode: 0
  m_UpdateMode: 0
  m_ApplyRootMotion: 0
  m_LinearVelocityBlending: 0
  m_WarningMessage: 
  m_HasTransformHierarchy: 1
  m_AllowConstantClipSamplingOptimization: 1
  m_KeepAnimatorControllerStateOnDisable: 0
--- !u!1 &540586792
GameObject:
  m_ObjectHideFlags: 0
  m_CorrespondingSourceObject: {fileID: 0}
  m_PrefabInstance: {fileID: 0}
  m_PrefabAsset: {fileID: 0}
  serializedVersion: 6
  m_Component:
  - component: {fileID: 540586793}
  - component: {fileID: 540586795}
  - component: {fileID: 540586794}
  - component: {fileID: 540586796}
  - component: {fileID: 540586797}
  m_Layer: 5
  m_Name: PlanetInfo
  m_TagString: Untagged
  m_Icon: {fileID: 0}
  m_NavMeshLayer: 0
  m_StaticEditorFlags: 4294967295
  m_IsActive: 1
--- !u!224 &540586793
RectTransform:
  m_ObjectHideFlags: 0
  m_CorrespondingSourceObject: {fileID: 0}
  m_PrefabInstance: {fileID: 0}
  m_PrefabAsset: {fileID: 0}
  m_GameObject: {fileID: 540586792}
  m_LocalRotation: {x: -0, y: -0, z: -0, w: 1}
  m_LocalPosition: {x: 0, y: 0, z: 0}
  m_LocalScale: {x: 0.22798248, y: 0.15803972, z: 0.33040524}
  m_Children:
  - {fileID: 2046934163}
  - {fileID: 1240838838}
  - {fileID: 1310015705}
  - {fileID: 432619902}
  m_Father: {fileID: 196263736}
  m_RootOrder: 1
  m_LocalEulerAnglesHint: {x: 0, y: 0, z: 0}
  m_AnchorMin: {x: 0, y: 0}
  m_AnchorMax: {x: 1, y: 1}
  m_AnchoredPosition: {x: 0.26757812, y: -155.1272}
  m_SizeDelta: {x: 1807.5339, y: 1651.7283}
  m_Pivot: {x: 0.5, y: 0.5}
--- !u!114 &540586794
MonoBehaviour:
  m_ObjectHideFlags: 0
  m_CorrespondingSourceObject: {fileID: 0}
  m_PrefabInstance: {fileID: 0}
  m_PrefabAsset: {fileID: 0}
  m_GameObject: {fileID: 540586792}
  m_Enabled: 1
  m_EditorHideFlags: 0
  m_Script: {fileID: 11500000, guid: fe87c0e1cc204ed48ad3b37840f39efc, type: 3}
  m_Name: 
  m_EditorClassIdentifier: 
  m_Material: {fileID: 0}
  m_Color: {r: 0, g: 0, b: 0, a: 0.392}
  m_RaycastTarget: 0
  m_RaycastPadding: {x: 0, y: 0, z: 0, w: 0}
  m_Maskable: 1
  m_OnCullStateChanged:
    m_PersistentCalls:
      m_Calls: []
  m_Sprite: {fileID: 10907, guid: 0000000000000000f000000000000000, type: 0}
  m_Type: 1
  m_PreserveAspect: 0
  m_FillCenter: 1
  m_FillMethod: 4
  m_FillAmount: 1
  m_FillClockwise: 1
  m_FillOrigin: 0
  m_UseSpriteMesh: 0
  m_PixelsPerUnitMultiplier: 1
--- !u!222 &540586795
CanvasRenderer:
  m_ObjectHideFlags: 0
  m_CorrespondingSourceObject: {fileID: 0}
  m_PrefabInstance: {fileID: 0}
  m_PrefabAsset: {fileID: 0}
  m_GameObject: {fileID: 540586792}
  m_CullTransparentMesh: 1
--- !u!95 &540586796
Animator:
  serializedVersion: 3
  m_ObjectHideFlags: 0
  m_CorrespondingSourceObject: {fileID: 0}
  m_PrefabInstance: {fileID: 0}
  m_PrefabAsset: {fileID: 0}
  m_GameObject: {fileID: 540586792}
  m_Enabled: 1
  m_Avatar: {fileID: 0}
  m_Controller: {fileID: 9100000, guid: a211e4403db10ab4485d0c8cb967362d, type: 2}
  m_CullingMode: 0
  m_UpdateMode: 0
  m_ApplyRootMotion: 0
  m_LinearVelocityBlending: 0
  m_WarningMessage: 
  m_HasTransformHierarchy: 1
  m_AllowConstantClipSamplingOptimization: 1
  m_KeepAnimatorControllerStateOnDisable: 0
--- !u!114 &540586797
MonoBehaviour:
  m_ObjectHideFlags: 0
  m_CorrespondingSourceObject: {fileID: 0}
  m_PrefabInstance: {fileID: 0}
  m_PrefabAsset: {fileID: 0}
  m_GameObject: {fileID: 540586792}
  m_Enabled: 1
  m_EditorHideFlags: 0
  m_Script: {fileID: 11500000, guid: 31a19414c41e5ae4aae2af33fee712f6, type: 3}
  m_Name: 
  m_EditorClassIdentifier: 
  m_ShowMaskGraphic: 1
--- !u!1 &604507312
GameObject:
  m_ObjectHideFlags: 0
  m_CorrespondingSourceObject: {fileID: 0}
  m_PrefabInstance: {fileID: 0}
  m_PrefabAsset: {fileID: 0}
  serializedVersion: 6
  m_Component:
  - component: {fileID: 604507314}
  - component: {fileID: 604507313}
  m_Layer: 0
  m_Name: Cutscene_MusicPlanet
  m_TagString: Untagged
  m_Icon: {fileID: 0}
  m_NavMeshLayer: 0
  m_StaticEditorFlags: 0
  m_IsActive: 1
--- !u!320 &604507313
PlayableDirector:
  m_ObjectHideFlags: 0
  m_CorrespondingSourceObject: {fileID: 0}
  m_PrefabInstance: {fileID: 0}
  m_PrefabAsset: {fileID: 0}
  m_GameObject: {fileID: 604507312}
  m_Enabled: 1
  serializedVersion: 3
  m_PlayableAsset: {fileID: 11400000, guid: 0fe078510c4986d468bb50cd2658b657, type: 2}
  m_InitialState: 0
  m_WrapMode: 2
  m_DirectorUpdateMode: 1
  m_InitialTime: 0
  m_SceneBindings:
  - key: {fileID: 5843316566048555209, guid: 0fe078510c4986d468bb50cd2658b657, type: 2}
    value: {fileID: 696249313}
  - key: {fileID: 6952788312574627920, guid: 0fe078510c4986d468bb50cd2658b657, type: 2}
    value: {fileID: 481634706}
  m_ExposedReferences:
    m_References:
    - 6dfd8a0901ca79641814bc434bb30dac: {fileID: 168762134}
--- !u!4 &604507314
Transform:
  m_ObjectHideFlags: 0
  m_CorrespondingSourceObject: {fileID: 0}
  m_PrefabInstance: {fileID: 0}
  m_PrefabAsset: {fileID: 0}
  m_GameObject: {fileID: 604507312}
  m_LocalRotation: {x: 0, y: 0, z: 0, w: 1}
  m_LocalPosition: {x: 0, y: 12.799999, z: 0}
  m_LocalScale: {x: 1, y: 1, z: 1}
  m_Children: []
  m_Father: {fileID: 0}
  m_RootOrder: 8
  m_LocalEulerAnglesHint: {x: 0, y: 0, z: 0}
--- !u!1001 &638914881
PrefabInstance:
  m_ObjectHideFlags: 0
  serializedVersion: 2
  m_Modification:
    m_TransformParent: {fileID: 0}
    m_Modifications:
    - target: {fileID: 753590365981034782, guid: c64314e738d46374bae2724a8dff30d7, type: 3}
      propertyPath: continueMusic
      value: 1
      objectReference: {fileID: 0}
    - target: {fileID: 8419856031262079638, guid: c64314e738d46374bae2724a8dff30d7, type: 3}
      propertyPath: m_RootOrder
      value: 18
      objectReference: {fileID: 0}
    - target: {fileID: 8419856031262079638, guid: c64314e738d46374bae2724a8dff30d7, type: 3}
      propertyPath: m_LocalPosition.x
      value: -1.4216368
      objectReference: {fileID: 0}
    - target: {fileID: 8419856031262079638, guid: c64314e738d46374bae2724a8dff30d7, type: 3}
      propertyPath: m_LocalPosition.y
      value: 3.583552
      objectReference: {fileID: 0}
    - target: {fileID: 8419856031262079638, guid: c64314e738d46374bae2724a8dff30d7, type: 3}
      propertyPath: m_LocalPosition.z
      value: -1.1651751
      objectReference: {fileID: 0}
    - target: {fileID: 8419856031262079638, guid: c64314e738d46374bae2724a8dff30d7, type: 3}
      propertyPath: m_LocalRotation.w
      value: 1
      objectReference: {fileID: 0}
    - target: {fileID: 8419856031262079638, guid: c64314e738d46374bae2724a8dff30d7, type: 3}
      propertyPath: m_LocalRotation.x
      value: 0
      objectReference: {fileID: 0}
    - target: {fileID: 8419856031262079638, guid: c64314e738d46374bae2724a8dff30d7, type: 3}
      propertyPath: m_LocalRotation.y
      value: 0
      objectReference: {fileID: 0}
    - target: {fileID: 8419856031262079638, guid: c64314e738d46374bae2724a8dff30d7, type: 3}
      propertyPath: m_LocalRotation.z
      value: 0
      objectReference: {fileID: 0}
    - target: {fileID: 8419856031262079638, guid: c64314e738d46374bae2724a8dff30d7, type: 3}
      propertyPath: m_LocalEulerAnglesHint.x
      value: 0
      objectReference: {fileID: 0}
    - target: {fileID: 8419856031262079638, guid: c64314e738d46374bae2724a8dff30d7, type: 3}
      propertyPath: m_LocalEulerAnglesHint.y
      value: 0
      objectReference: {fileID: 0}
    - target: {fileID: 8419856031262079638, guid: c64314e738d46374bae2724a8dff30d7, type: 3}
      propertyPath: m_LocalEulerAnglesHint.z
      value: 0
      objectReference: {fileID: 0}
    - target: {fileID: 8419856031262079639, guid: c64314e738d46374bae2724a8dff30d7, type: 3}
      propertyPath: m_Name
      value: SceneTransition
      objectReference: {fileID: 0}
    m_RemovedComponents: []
  m_SourcePrefab: {fileID: 100100000, guid: c64314e738d46374bae2724a8dff30d7, type: 3}
--- !u!1 &696249312 stripped
GameObject:
  m_CorrespondingSourceObject: {fileID: 5139651101583749508, guid: 2b10d5b52521bb441b9f01b47059e7a7, type: 3}
  m_PrefabInstance: {fileID: 5445657494539007088}
  m_PrefabAsset: {fileID: 0}
--- !u!95 &696249313
Animator:
  serializedVersion: 3
  m_ObjectHideFlags: 0
  m_CorrespondingSourceObject: {fileID: 0}
  m_PrefabInstance: {fileID: 0}
  m_PrefabAsset: {fileID: 0}
  m_GameObject: {fileID: 696249312}
  m_Enabled: 1
  m_Avatar: {fileID: 0}
  m_Controller: {fileID: 0}
  m_CullingMode: 0
  m_UpdateMode: 0
  m_ApplyRootMotion: 0
  m_LinearVelocityBlending: 0
  m_WarningMessage: 
  m_HasTransformHierarchy: 1
  m_AllowConstantClipSamplingOptimization: 1
  m_KeepAnimatorControllerStateOnDisable: 0
--- !u!4 &696249316 stripped
Transform:
  m_CorrespondingSourceObject: {fileID: 5483244553599740734, guid: 2b10d5b52521bb441b9f01b47059e7a7, type: 3}
  m_PrefabInstance: {fileID: 5445657494539007088}
  m_PrefabAsset: {fileID: 0}
--- !u!1 &751580331
GameObject:
  m_ObjectHideFlags: 0
  m_CorrespondingSourceObject: {fileID: 0}
  m_PrefabInstance: {fileID: 0}
  m_PrefabAsset: {fileID: 0}
  serializedVersion: 6
  m_Component:
  - component: {fileID: 751580333}
  - component: {fileID: 751580332}
  m_Layer: 0
  m_Name: CM vcam1
  m_TagString: Untagged
  m_Icon: {fileID: 0}
  m_NavMeshLayer: 0
  m_StaticEditorFlags: 0
  m_IsActive: 1
--- !u!114 &751580332
MonoBehaviour:
  m_ObjectHideFlags: 0
  m_CorrespondingSourceObject: {fileID: 0}
  m_PrefabInstance: {fileID: 0}
  m_PrefabAsset: {fileID: 0}
  m_GameObject: {fileID: 751580331}
  m_Enabled: 1
  m_EditorHideFlags: 0
  m_Script: {fileID: 11500000, guid: 45e653bab7fb20e499bda25e1b646fea, type: 3}
  m_Name: 
  m_EditorClassIdentifier: 
  m_ExcludedPropertiesInInspector:
  - m_Script
  m_LockStageInInspector: 
  m_StreamingVersion: 20170927
  m_Priority: 10
  m_StandbyUpdate: 2
  m_LookAt: {fileID: 0}
  m_Follow: {fileID: 0}
  m_Lens:
    FieldOfView: 40
    OrthographicSize: 5
    NearClipPlane: 0.3
    FarClipPlane: 70000
    Dutch: 0
    LensShift: {x: 0, y: 0}
  m_Transitions:
    m_BlendHint: 0
    m_InheritPosition: 0
    m_OnCameraLive:
      m_PersistentCalls:
        m_Calls: []
  m_LegacyBlendHint: 0
  m_ComponentOwner: {fileID: 1602263423}
--- !u!4 &751580333
Transform:
  m_ObjectHideFlags: 0
  m_CorrespondingSourceObject: {fileID: 0}
  m_PrefabInstance: {fileID: 0}
  m_PrefabAsset: {fileID: 0}
  m_GameObject: {fileID: 751580331}
  m_LocalRotation: {x: 0, y: 0, z: 0, w: 1}
  m_LocalPosition: {x: -45, y: -326, z: -420}
  m_LocalScale: {x: 1, y: 1, z: 1}
  m_Children:
  - {fileID: 1602263423}
  m_Father: {fileID: 0}
  m_RootOrder: 4
  m_LocalEulerAnglesHint: {x: 0, y: 0, z: 0}
--- !u!1 &864833647
GameObject:
  m_ObjectHideFlags: 0
  m_CorrespondingSourceObject: {fileID: 0}
  m_PrefabInstance: {fileID: 0}
  m_PrefabAsset: {fileID: 0}
  serializedVersion: 6
  m_Component:
  - component: {fileID: 864833651}
  - component: {fileID: 864833650}
  - component: {fileID: 864833649}
  - component: {fileID: 864833648}
  m_Layer: 0
  m_Name: Water Planet
  m_TagString: Planet
  m_Icon: {fileID: 0}
  m_NavMeshLayer: 0
  m_StaticEditorFlags: 0
  m_IsActive: 1
--- !u!135 &864833648
SphereCollider:
  m_ObjectHideFlags: 0
  m_CorrespondingSourceObject: {fileID: 0}
  m_PrefabInstance: {fileID: 0}
  m_PrefabAsset: {fileID: 0}
  m_GameObject: {fileID: 864833647}
  m_Material: {fileID: 0}
  m_IsTrigger: 0
  m_Enabled: 1
  serializedVersion: 2
  m_Radius: 0.5
  m_Center: {x: 0, y: 0, z: 0}
--- !u!23 &864833649
MeshRenderer:
  m_ObjectHideFlags: 0
  m_CorrespondingSourceObject: {fileID: 0}
  m_PrefabInstance: {fileID: 0}
  m_PrefabAsset: {fileID: 0}
  m_GameObject: {fileID: 864833647}
  m_Enabled: 1
  m_CastShadows: 1
  m_ReceiveShadows: 1
  m_DynamicOccludee: 1
  m_MotionVectors: 1
  m_LightProbeUsage: 1
  m_ReflectionProbeUsage: 1
  m_RayTracingMode: 2
  m_RayTraceProcedural: 0
  m_RenderingLayerMask: 1
  m_RendererPriority: 0
  m_Materials:
  - {fileID: 2100000, guid: 07fd3875e07c60a479dbbf665965d2a0, type: 2}
  m_StaticBatchInfo:
    firstSubMesh: 0
    subMeshCount: 0
  m_StaticBatchRoot: {fileID: 0}
  m_ProbeAnchor: {fileID: 0}
  m_LightProbeVolumeOverride: {fileID: 0}
  m_ScaleInLightmap: 1
  m_ReceiveGI: 1
  m_PreserveUVs: 0
  m_IgnoreNormalsForChartDetection: 0
  m_ImportantGI: 0
  m_StitchLightmapSeams: 1
  m_SelectedEditorRenderState: 3
  m_MinimumChartSize: 4
  m_AutoUVMaxDistance: 0.5
  m_AutoUVMaxAngle: 89
  m_LightmapParameters: {fileID: 0}
  m_SortingLayerID: 0
  m_SortingLayer: 0
  m_SortingOrder: 0
  m_AdditionalVertexStreams: {fileID: 0}
--- !u!33 &864833650
MeshFilter:
  m_ObjectHideFlags: 0
  m_CorrespondingSourceObject: {fileID: 0}
  m_PrefabInstance: {fileID: 0}
  m_PrefabAsset: {fileID: 0}
  m_GameObject: {fileID: 864833647}
  m_Mesh: {fileID: 10207, guid: 0000000000000000e000000000000000, type: 0}
--- !u!4 &864833651
Transform:
  m_ObjectHideFlags: 0
  m_CorrespondingSourceObject: {fileID: 0}
  m_PrefabInstance: {fileID: 0}
  m_PrefabAsset: {fileID: 0}
  m_GameObject: {fileID: 864833647}
  m_LocalRotation: {x: 0.011460247, y: 0.7286838, z: 0.0102960495, w: 0.684677}
  m_LocalPosition: {x: 418, y: 72.50755, z: 2308.0542}
  m_LocalScale: {x: 270.98126, y: 270.98126, z: 270.98126}
  m_Children: []
  m_Father: {fileID: 0}
  m_RootOrder: 13
  m_LocalEulerAnglesHint: {x: 0.039, y: 93.567, z: 1.765}
--- !u!1 &898314934
GameObject:
  m_ObjectHideFlags: 0
  m_CorrespondingSourceObject: {fileID: 0}
  m_PrefabInstance: {fileID: 0}
  m_PrefabAsset: {fileID: 0}
  serializedVersion: 6
  m_Component:
  - component: {fileID: 898314938}
  - component: {fileID: 898314937}
  - component: {fileID: 898314936}
  - component: {fileID: 898314935}
  - component: {fileID: 898314939}
  m_Layer: 0
  m_Name: Tuto Planet
  m_TagString: Planet
  m_Icon: {fileID: 0}
  m_NavMeshLayer: 0
  m_StaticEditorFlags: 0
  m_IsActive: 1
--- !u!135 &898314935
SphereCollider:
  m_ObjectHideFlags: 0
  m_CorrespondingSourceObject: {fileID: 0}
  m_PrefabInstance: {fileID: 0}
  m_PrefabAsset: {fileID: 0}
  m_GameObject: {fileID: 898314934}
  m_Material: {fileID: 0}
  m_IsTrigger: 0
  m_Enabled: 1
  serializedVersion: 2
  m_Radius: 0.5
  m_Center: {x: 0, y: 0, z: 0}
--- !u!23 &898314936
MeshRenderer:
  m_ObjectHideFlags: 0
  m_CorrespondingSourceObject: {fileID: 0}
  m_PrefabInstance: {fileID: 0}
  m_PrefabAsset: {fileID: 0}
  m_GameObject: {fileID: 898314934}
  m_Enabled: 1
  m_CastShadows: 1
  m_ReceiveShadows: 1
  m_DynamicOccludee: 1
  m_MotionVectors: 1
  m_LightProbeUsage: 1
  m_ReflectionProbeUsage: 1
  m_RayTracingMode: 2
  m_RayTraceProcedural: 0
  m_RenderingLayerMask: 1
  m_RendererPriority: 0
  m_Materials:
  - {fileID: 2100000, guid: a7cdafe774639c84ea54ba3dda8898fd, type: 2}
  m_StaticBatchInfo:
    firstSubMesh: 0
    subMeshCount: 0
  m_StaticBatchRoot: {fileID: 0}
  m_ProbeAnchor: {fileID: 0}
  m_LightProbeVolumeOverride: {fileID: 0}
  m_ScaleInLightmap: 1
  m_ReceiveGI: 1
  m_PreserveUVs: 0
  m_IgnoreNormalsForChartDetection: 0
  m_ImportantGI: 0
  m_StitchLightmapSeams: 1
  m_SelectedEditorRenderState: 3
  m_MinimumChartSize: 4
  m_AutoUVMaxDistance: 0.5
  m_AutoUVMaxAngle: 89
  m_LightmapParameters: {fileID: 0}
  m_SortingLayerID: 0
  m_SortingLayer: 0
  m_SortingOrder: 0
  m_AdditionalVertexStreams: {fileID: 0}
--- !u!33 &898314937
MeshFilter:
  m_ObjectHideFlags: 0
  m_CorrespondingSourceObject: {fileID: 0}
  m_PrefabInstance: {fileID: 0}
  m_PrefabAsset: {fileID: 0}
  m_GameObject: {fileID: 898314934}
  m_Mesh: {fileID: 10207, guid: 0000000000000000e000000000000000, type: 0}
--- !u!4 &898314938
Transform:
  m_ObjectHideFlags: 0
  m_CorrespondingSourceObject: {fileID: 0}
  m_PrefabInstance: {fileID: 0}
  m_PrefabAsset: {fileID: 0}
  m_GameObject: {fileID: 898314934}
  m_LocalRotation: {x: 0.00829413, y: 0.42935327, z: 0.01675986, w: 0.9029431}
  m_LocalPosition: {x: -1205, y: -47.463898, z: 2165.0034}
  m_LocalScale: {x: 713.75, y: 713.75, z: 713.75}
  m_Children: []
  m_Father: {fileID: 0}
  m_RootOrder: 15
  m_LocalEulerAnglesHint: {x: 0.034, y: 50.863, z: 2.143}
--- !u!114 &898314939
MonoBehaviour:
  m_ObjectHideFlags: 0
  m_CorrespondingSourceObject: {fileID: 0}
  m_PrefabInstance: {fileID: 0}
  m_PrefabAsset: {fileID: 0}
  m_GameObject: {fileID: 898314934}
  m_Enabled: 1
  m_EditorHideFlags: 0
  m_Script: {fileID: 11500000, guid: 641e01791eea8964c9171f12a8240b8f, type: 3}
  m_Name: 
  m_EditorClassIdentifier: 
  cutscenePlanet: {fileID: 959211586}
  planetPanel: {fileID: 196263736}
--- !u!1 &959211586
GameObject:
  m_ObjectHideFlags: 0
  m_CorrespondingSourceObject: {fileID: 0}
  m_PrefabInstance: {fileID: 0}
  m_PrefabAsset: {fileID: 0}
  serializedVersion: 6
  m_Component:
  - component: {fileID: 959211588}
  - component: {fileID: 959211587}
  m_Layer: 0
  m_Name: Cutscene_TutoPlanet
  m_TagString: Untagged
  m_Icon: {fileID: 0}
  m_NavMeshLayer: 0
  m_StaticEditorFlags: 0
  m_IsActive: 1
--- !u!320 &959211587
PlayableDirector:
  m_ObjectHideFlags: 0
  m_CorrespondingSourceObject: {fileID: 0}
  m_PrefabInstance: {fileID: 0}
  m_PrefabAsset: {fileID: 0}
  m_GameObject: {fileID: 959211586}
  m_Enabled: 1
  serializedVersion: 3
  m_PlayableAsset: {fileID: 11400000, guid: 2e97f5f222f649548aa276b130a01167, type: 2}
  m_InitialState: 0
  m_WrapMode: 2
  m_DirectorUpdateMode: 1
  m_InitialTime: 0
  m_SceneBindings:
  - key: {fileID: 3756128466253649263, guid: 2e97f5f222f649548aa276b130a01167, type: 2}
    value: {fileID: 696249313}
  - key: {fileID: -526352424036430675, guid: 2e97f5f222f649548aa276b130a01167, type: 2}
    value: {fileID: 481634706}
  m_ExposedReferences:
    m_References:
    - 1ccab8f6fe2022c4e9d96497e418380a: {fileID: 168762134}
--- !u!4 &959211588
Transform:
  m_ObjectHideFlags: 0
  m_CorrespondingSourceObject: {fileID: 0}
  m_PrefabInstance: {fileID: 0}
  m_PrefabAsset: {fileID: 0}
  m_GameObject: {fileID: 959211586}
  m_LocalRotation: {x: 0, y: 0, z: 0, w: 1}
  m_LocalPosition: {x: 0, y: 12.799999, z: 0}
  m_LocalScale: {x: 1, y: 1, z: 1}
  m_Children: []
  m_Father: {fileID: 0}
  m_RootOrder: 7
  m_LocalEulerAnglesHint: {x: 0, y: 0, z: 0}
--- !u!1 &962002306
GameObject:
  m_ObjectHideFlags: 0
  m_CorrespondingSourceObject: {fileID: 0}
  m_PrefabInstance: {fileID: 0}
  m_PrefabAsset: {fileID: 0}
  serializedVersion: 6
  m_Component:
  - component: {fileID: 962002307}
  - component: {fileID: 962002309}
  - component: {fileID: 962002308}
  m_Layer: 5
  m_Name: Text
  m_TagString: Untagged
  m_Icon: {fileID: 0}
  m_NavMeshLayer: 0
  m_StaticEditorFlags: 0
  m_IsActive: 1
--- !u!224 &962002307
RectTransform:
  m_ObjectHideFlags: 0
  m_CorrespondingSourceObject: {fileID: 0}
  m_PrefabInstance: {fileID: 0}
  m_PrefabAsset: {fileID: 0}
  m_GameObject: {fileID: 962002306}
  m_LocalRotation: {x: -0, y: -0, z: -0, w: 1}
  m_LocalPosition: {x: 0, y: 0, z: 0}
  m_LocalScale: {x: 1, y: 1, z: 1}
  m_Children: []
  m_Father: {fileID: 432619902}
  m_RootOrder: 0
  m_LocalEulerAnglesHint: {x: 0, y: 0, z: 0}
  m_AnchorMin: {x: 0, y: 0}
  m_AnchorMax: {x: 1, y: 1}
  m_AnchoredPosition: {x: 0, y: 0}
  m_SizeDelta: {x: 0, y: 0}
  m_Pivot: {x: 0.5, y: 0.5}
--- !u!114 &962002308
MonoBehaviour:
  m_ObjectHideFlags: 0
  m_CorrespondingSourceObject: {fileID: 0}
  m_PrefabInstance: {fileID: 0}
  m_PrefabAsset: {fileID: 0}
  m_GameObject: {fileID: 962002306}
  m_Enabled: 1
  m_EditorHideFlags: 0
  m_Script: {fileID: 11500000, guid: f4688fdb7df04437aeb418b961361dc5, type: 3}
  m_Name: 
  m_EditorClassIdentifier: 
  m_Material: {fileID: 0}
  m_Color: {r: 1, g: 1, b: 1, a: 1}
  m_RaycastTarget: 1
  m_RaycastPadding: {x: 0, y: 0, z: 0, w: 0}
  m_Maskable: 1
  m_OnCullStateChanged:
    m_PersistentCalls:
      m_Calls: []
  m_text: Select
  m_isRightToLeft: 0
  m_fontAsset: {fileID: 11400000, guid: 2e498d1c8094910479dc3e1b768306a4, type: 2}
  m_sharedMaterial: {fileID: 2180264, guid: 2e498d1c8094910479dc3e1b768306a4, type: 2}
  m_fontSharedMaterials: []
  m_fontMaterial: {fileID: 0}
  m_fontMaterials: []
  m_fontColor32:
    serializedVersion: 2
    rgba: 4278190080
  m_fontColor: {r: 0, g: 0, b: 0, a: 1}
  m_enableVertexGradient: 0
  m_colorMode: 3
  m_fontColorGradient:
    topLeft: {r: 1, g: 1, b: 1, a: 1}
    topRight: {r: 1, g: 1, b: 1, a: 1}
    bottomLeft: {r: 1, g: 1, b: 1, a: 1}
    bottomRight: {r: 1, g: 1, b: 1, a: 1}
  m_fontColorGradientPreset: {fileID: 0}
  m_spriteAsset: {fileID: 0}
  m_tintAllSprites: 0
  m_StyleSheet: {fileID: 0}
  m_TextStyleHashCode: -1183493901
  m_overrideHtmlColors: 0
  m_faceColor:
    serializedVersion: 2
    rgba: 4294967295
  m_fontSize: 18
  m_fontSizeBase: 18
  m_fontWeight: 400
  m_enableAutoSizing: 0
  m_fontSizeMin: 18
  m_fontSizeMax: 72
  m_fontStyle: 0
  m_HorizontalAlignment: 2
  m_VerticalAlignment: 512
  m_textAlignment: 65535
  m_characterSpacing: 0
  m_wordSpacing: 0
  m_lineSpacing: 0
  m_lineSpacingMax: 0
  m_paragraphSpacing: 0
  m_charWidthMaxAdj: 0
  m_enableWordWrapping: 1
  m_wordWrappingRatios: 0.4
  m_overflowMode: 0
  m_linkedTextComponent: {fileID: 0}
  parentLinkedComponent: {fileID: 0}
  m_enableKerning: 1
  m_enableExtraPadding: 0
  checkPaddingRequired: 0
  m_isRichText: 1
  m_parseCtrlCharacters: 1
  m_isOrthographic: 1
  m_isCullingEnabled: 0
  m_horizontalMapping: 0
  m_verticalMapping: 0
  m_uvLineOffset: 0
  m_geometrySortingOrder: 0
  m_IsTextObjectScaleStatic: 0
  m_VertexBufferAutoSizeReduction: 0
  m_useMaxVisibleDescender: 1
  m_pageToDisplay: 1
  m_margin: {x: 0, y: 0, z: 0, w: 0}
  m_isUsingLegacyAnimationComponent: 0
  m_isVolumetricText: 0
  m_hasFontAssetChanged: 0
  m_baseMaterial: {fileID: 0}
  m_maskOffset: {x: 0, y: 0, z: 0, w: 0}
--- !u!222 &962002309
CanvasRenderer:
  m_ObjectHideFlags: 0
  m_CorrespondingSourceObject: {fileID: 0}
  m_PrefabInstance: {fileID: 0}
  m_PrefabAsset: {fileID: 0}
  m_GameObject: {fileID: 962002306}
  m_CullTransparentMesh: 1
--- !u!1001 &1062192826
PrefabInstance:
  m_ObjectHideFlags: 0
  serializedVersion: 2
  m_Modification:
    m_TransformParent: {fileID: 0}
    m_Modifications:
    - target: {fileID: 1661296902778114424, guid: ea834fd477896d74699e16e7f2460ecd, type: 3}
      propertyPath: m_Name
      value: MusicTransition
      objectReference: {fileID: 0}
    - target: {fileID: 3612598822918648002, guid: ea834fd477896d74699e16e7f2460ecd, type: 3}
      propertyPath: m_RootOrder
      value: 19
      objectReference: {fileID: 0}
    - target: {fileID: 3612598822918648002, guid: ea834fd477896d74699e16e7f2460ecd, type: 3}
      propertyPath: m_LocalPosition.x
      value: -32.93143
      objectReference: {fileID: 0}
    - target: {fileID: 3612598822918648002, guid: ea834fd477896d74699e16e7f2460ecd, type: 3}
      propertyPath: m_LocalPosition.y
      value: 187.77574
      objectReference: {fileID: 0}
    - target: {fileID: 3612598822918648002, guid: ea834fd477896d74699e16e7f2460ecd, type: 3}
      propertyPath: m_LocalPosition.z
      value: 248.27132
      objectReference: {fileID: 0}
    - target: {fileID: 3612598822918648002, guid: ea834fd477896d74699e16e7f2460ecd, type: 3}
      propertyPath: m_LocalRotation.w
      value: 1
      objectReference: {fileID: 0}
    - target: {fileID: 3612598822918648002, guid: ea834fd477896d74699e16e7f2460ecd, type: 3}
      propertyPath: m_LocalRotation.x
      value: 0
      objectReference: {fileID: 0}
    - target: {fileID: 3612598822918648002, guid: ea834fd477896d74699e16e7f2460ecd, type: 3}
      propertyPath: m_LocalRotation.y
      value: 0
      objectReference: {fileID: 0}
    - target: {fileID: 3612598822918648002, guid: ea834fd477896d74699e16e7f2460ecd, type: 3}
      propertyPath: m_LocalRotation.z
      value: 0
      objectReference: {fileID: 0}
    - target: {fileID: 3612598822918648002, guid: ea834fd477896d74699e16e7f2460ecd, type: 3}
      propertyPath: m_LocalEulerAnglesHint.x
      value: 0
      objectReference: {fileID: 0}
    - target: {fileID: 3612598822918648002, guid: ea834fd477896d74699e16e7f2460ecd, type: 3}
      propertyPath: m_LocalEulerAnglesHint.y
      value: 0
      objectReference: {fileID: 0}
    - target: {fileID: 3612598822918648002, guid: ea834fd477896d74699e16e7f2460ecd, type: 3}
      propertyPath: m_LocalEulerAnglesHint.z
      value: 0
      objectReference: {fileID: 0}
    m_RemovedComponents: []
  m_SourcePrefab: {fileID: 100100000, guid: ea834fd477896d74699e16e7f2460ecd, type: 3}
--- !u!1001 &1108259589
PrefabInstance:
  m_ObjectHideFlags: 0
  serializedVersion: 2
  m_Modification:
    m_TransformParent: {fileID: 0}
    m_Modifications:
    - target: {fileID: 2437901573022980896, guid: 342dacada7c2a864a94ea8bb74bc834a, type: 3}
      propertyPath: m_Name
      value: Post-Process Volume
      objectReference: {fileID: 0}
    - target: {fileID: 2437901573022980910, guid: 342dacada7c2a864a94ea8bb74bc834a, type: 3}
      propertyPath: m_RootOrder
      value: 12
      objectReference: {fileID: 0}
    - target: {fileID: 2437901573022980910, guid: 342dacada7c2a864a94ea8bb74bc834a, type: 3}
      propertyPath: m_LocalPosition.x
      value: 0.92031795
      objectReference: {fileID: 0}
    - target: {fileID: 2437901573022980910, guid: 342dacada7c2a864a94ea8bb74bc834a, type: 3}
      propertyPath: m_LocalPosition.y
      value: 0.5566144
      objectReference: {fileID: 0}
    - target: {fileID: 2437901573022980910, guid: 342dacada7c2a864a94ea8bb74bc834a, type: 3}
      propertyPath: m_LocalPosition.z
      value: 1.2414057
      objectReference: {fileID: 0}
    - target: {fileID: 2437901573022980910, guid: 342dacada7c2a864a94ea8bb74bc834a, type: 3}
      propertyPath: m_LocalRotation.w
      value: 1
      objectReference: {fileID: 0}
    - target: {fileID: 2437901573022980910, guid: 342dacada7c2a864a94ea8bb74bc834a, type: 3}
      propertyPath: m_LocalRotation.x
      value: 0
      objectReference: {fileID: 0}
    - target: {fileID: 2437901573022980910, guid: 342dacada7c2a864a94ea8bb74bc834a, type: 3}
      propertyPath: m_LocalRotation.y
      value: 0
      objectReference: {fileID: 0}
    - target: {fileID: 2437901573022980910, guid: 342dacada7c2a864a94ea8bb74bc834a, type: 3}
      propertyPath: m_LocalRotation.z
      value: 0
      objectReference: {fileID: 0}
    - target: {fileID: 2437901573022980910, guid: 342dacada7c2a864a94ea8bb74bc834a, type: 3}
      propertyPath: m_LocalEulerAnglesHint.x
      value: 0
      objectReference: {fileID: 0}
    - target: {fileID: 2437901573022980910, guid: 342dacada7c2a864a94ea8bb74bc834a, type: 3}
      propertyPath: m_LocalEulerAnglesHint.y
      value: 0
      objectReference: {fileID: 0}
    - target: {fileID: 2437901573022980910, guid: 342dacada7c2a864a94ea8bb74bc834a, type: 3}
      propertyPath: m_LocalEulerAnglesHint.z
      value: 0
      objectReference: {fileID: 0}
    m_RemovedComponents: []
  m_SourcePrefab: {fileID: 100100000, guid: 342dacada7c2a864a94ea8bb74bc834a, type: 3}
--- !u!1 &1240838837
GameObject:
  m_ObjectHideFlags: 0
  m_CorrespondingSourceObject: {fileID: 0}
  m_PrefabInstance: {fileID: 0}
  m_PrefabAsset: {fileID: 0}
  serializedVersion: 6
  m_Component:
  - component: {fileID: 1240838838}
  - component: {fileID: 1240838841}
  - component: {fileID: 1240838839}
  - component: {fileID: 1240838840}
  m_Layer: 5
  m_Name: Difficulty
  m_TagString: Untagged
  m_Icon: {fileID: 0}
  m_NavMeshLayer: 0
  m_StaticEditorFlags: 0
  m_IsActive: 1
--- !u!224 &1240838838
RectTransform:
  m_ObjectHideFlags: 0
  m_CorrespondingSourceObject: {fileID: 0}
  m_PrefabInstance: {fileID: 0}
  m_PrefabAsset: {fileID: 0}
  m_GameObject: {fileID: 1240838837}
  m_LocalRotation: {x: 0, y: 0, z: 0, w: 1}
  m_LocalPosition: {x: 0, y: 0, z: 0}
  m_LocalScale: {x: 2.385458, y: 2.385458, z: 2.385458}
  m_Children: []
  m_Father: {fileID: 540586793}
  m_RootOrder: 1
  m_LocalEulerAnglesHint: {x: 0, y: 0, z: 0}
  m_AnchorMin: {x: 0, y: 1}
  m_AnchorMax: {x: 0, y: 1}
  m_AnchoredPosition: {x: 1471, y: -52}
  m_SizeDelta: {x: 151.4243, y: 0}
  m_Pivot: {x: 1, y: 1}
--- !u!114 &1240838839
MonoBehaviour:
  m_ObjectHideFlags: 0
  m_CorrespondingSourceObject: {fileID: 0}
  m_PrefabInstance: {fileID: 0}
  m_PrefabAsset: {fileID: 0}
  m_GameObject: {fileID: 1240838837}
  m_Enabled: 1
  m_EditorHideFlags: 0
  m_Script: {fileID: 11500000, guid: 3245ec927659c4140ac4f8d17403cc18, type: 3}
  m_Name: 
  m_EditorClassIdentifier: 
  m_HorizontalFit: 0
  m_VerticalFit: 2
--- !u!114 &1240838840
MonoBehaviour:
  m_ObjectHideFlags: 0
  m_CorrespondingSourceObject: {fileID: 0}
  m_PrefabInstance: {fileID: 0}
  m_PrefabAsset: {fileID: 0}
  m_GameObject: {fileID: 1240838837}
  m_Enabled: 1
  m_EditorHideFlags: 0
  m_Script: {fileID: 11500000, guid: f4688fdb7df04437aeb418b961361dc5, type: 3}
  m_Name: 
  m_EditorClassIdentifier: 
  m_Material: {fileID: 0}
  m_Color: {r: 1, g: 1, b: 1, a: 1}
  m_RaycastTarget: 1
  m_RaycastPadding: {x: 0, y: 0, z: 0, w: 0}
  m_Maskable: 1
  m_OnCullStateChanged:
    m_PersistentCalls:
      m_Calls: []
  m_text: Lorem ipsum dolor sit amet, consectetur adipiscing elit. Nam placerat tortor
    diam, quis pulvinar tortor tincidunt tincidunt. Sed condimentum dui sit amet
    odio sagittis tincidunt. Orci varius natoque penatibus et magnis dis parturient
    montes, nascetur ridiculus mus.
  m_isRightToLeft: 0
  m_fontAsset: {fileID: 11400000, guid: 2e498d1c8094910479dc3e1b768306a4, type: 2}
  m_sharedMaterial: {fileID: 2180264, guid: 2e498d1c8094910479dc3e1b768306a4, type: 2}
  m_fontSharedMaterials: []
  m_fontMaterial: {fileID: 0}
  m_fontMaterials: []
  m_fontColor32:
    serializedVersion: 2
    rgba: 4294967295
  m_fontColor: {r: 1, g: 1, b: 1, a: 1}
  m_enableVertexGradient: 0
  m_colorMode: 3
  m_fontColorGradient:
    topLeft: {r: 1, g: 1, b: 1, a: 1}
    topRight: {r: 1, g: 1, b: 1, a: 1}
    bottomLeft: {r: 1, g: 1, b: 1, a: 1}
    bottomRight: {r: 1, g: 1, b: 1, a: 1}
  m_fontColorGradientPreset: {fileID: 0}
  m_spriteAsset: {fileID: 0}
  m_tintAllSprites: 0
  m_StyleSheet: {fileID: 0}
  m_TextStyleHashCode: -1183493901
  m_overrideHtmlColors: 0
  m_faceColor:
    serializedVersion: 2
    rgba: 4294967295
  m_fontSize: 20
  m_fontSizeBase: 20
  m_fontWeight: 400
  m_enableAutoSizing: 0
  m_fontSizeMin: 18
  m_fontSizeMax: 72
  m_fontStyle: 0
  m_HorizontalAlignment: 1
  m_VerticalAlignment: 256
  m_textAlignment: 65535
  m_characterSpacing: 0
  m_wordSpacing: 0
  m_lineSpacing: 0
  m_lineSpacingMax: 0
  m_paragraphSpacing: 0
  m_charWidthMaxAdj: 0
  m_enableWordWrapping: 1
  m_wordWrappingRatios: 0.4
  m_overflowMode: 0
  m_linkedTextComponent: {fileID: 0}
  parentLinkedComponent: {fileID: 0}
  m_enableKerning: 1
  m_enableExtraPadding: 0
  checkPaddingRequired: 0
  m_isRichText: 1
  m_parseCtrlCharacters: 1
  m_isOrthographic: 1
  m_isCullingEnabled: 0
  m_horizontalMapping: 0
  m_verticalMapping: 0
  m_uvLineOffset: 0
  m_geometrySortingOrder: 0
  m_IsTextObjectScaleStatic: 0
  m_VertexBufferAutoSizeReduction: 0
  m_useMaxVisibleDescender: 1
  m_pageToDisplay: 1
  m_margin: {x: 0, y: 0, z: 0, w: 0}
  m_isUsingLegacyAnimationComponent: 0
  m_isVolumetricText: 0
  m_hasFontAssetChanged: 0
  m_baseMaterial: {fileID: 0}
  m_maskOffset: {x: 0, y: 0, z: 0, w: 0}
--- !u!222 &1240838841
CanvasRenderer:
  m_ObjectHideFlags: 0
  m_CorrespondingSourceObject: {fileID: 0}
  m_PrefabInstance: {fileID: 0}
  m_PrefabAsset: {fileID: 0}
  m_GameObject: {fileID: 1240838837}
  m_CullTransparentMesh: 1
--- !u!1 &1310015704
GameObject:
  m_ObjectHideFlags: 0
  m_CorrespondingSourceObject: {fileID: 0}
  m_PrefabInstance: {fileID: 0}
  m_PrefabAsset: {fileID: 0}
  serializedVersion: 6
  m_Component:
  - component: {fileID: 1310015705}
  - component: {fileID: 1310015708}
  - component: {fileID: 1310015706}
  - component: {fileID: 1310015707}
  m_Layer: 5
  m_Name: Missions
  m_TagString: Untagged
  m_Icon: {fileID: 0}
  m_NavMeshLayer: 0
  m_StaticEditorFlags: 0
  m_IsActive: 1
--- !u!224 &1310015705
RectTransform:
  m_ObjectHideFlags: 0
  m_CorrespondingSourceObject: {fileID: 0}
  m_PrefabInstance: {fileID: 0}
  m_PrefabAsset: {fileID: 0}
  m_GameObject: {fileID: 1310015704}
  m_LocalRotation: {x: 0, y: 0, z: 0, w: 1}
  m_LocalPosition: {x: 0, y: 0, z: 0}
  m_LocalScale: {x: 2.3854578, y: 2.3854578, z: 2.3854578}
  m_Children: []
  m_Father: {fileID: 540586793}
  m_RootOrder: 2
  m_LocalEulerAnglesHint: {x: 0, y: 0, z: 0}
  m_AnchorMin: {x: 0, y: 1}
  m_AnchorMax: {x: 0, y: 1}
  m_AnchoredPosition: {x: 2273, y: -52}
  m_SizeDelta: {x: 247.77, y: 0}
  m_Pivot: {x: 1, y: 1}
--- !u!114 &1310015706
MonoBehaviour:
  m_ObjectHideFlags: 0
  m_CorrespondingSourceObject: {fileID: 0}
  m_PrefabInstance: {fileID: 0}
  m_PrefabAsset: {fileID: 0}
  m_GameObject: {fileID: 1310015704}
  m_Enabled: 1
  m_EditorHideFlags: 0
  m_Script: {fileID: 11500000, guid: 3245ec927659c4140ac4f8d17403cc18, type: 3}
  m_Name: 
  m_EditorClassIdentifier: 
  m_HorizontalFit: 0
  m_VerticalFit: 2
--- !u!114 &1310015707
MonoBehaviour:
  m_ObjectHideFlags: 0
  m_CorrespondingSourceObject: {fileID: 0}
  m_PrefabInstance: {fileID: 0}
  m_PrefabAsset: {fileID: 0}
  m_GameObject: {fileID: 1310015704}
  m_Enabled: 1
  m_EditorHideFlags: 0
  m_Script: {fileID: 11500000, guid: f4688fdb7df04437aeb418b961361dc5, type: 3}
  m_Name: 
  m_EditorClassIdentifier: 
  m_Material: {fileID: 0}
  m_Color: {r: 1, g: 1, b: 1, a: 1}
  m_RaycastTarget: 1
  m_RaycastPadding: {x: 0, y: 0, z: 0, w: 0}
  m_Maskable: 1
  m_OnCullStateChanged:
    m_PersistentCalls:
      m_Calls: []
  m_text: 'Lorem ipsum dolor sit amet, consectetur adipiscing elit. Nam placerat
    tortor diam, quis pulvinar tortor tincidunt tincidunt. Sed '
  m_isRightToLeft: 0
  m_fontAsset: {fileID: 11400000, guid: 2e498d1c8094910479dc3e1b768306a4, type: 2}
  m_sharedMaterial: {fileID: 2180264, guid: 2e498d1c8094910479dc3e1b768306a4, type: 2}
  m_fontSharedMaterials: []
  m_fontMaterial: {fileID: 0}
  m_fontMaterials: []
  m_fontColor32:
    serializedVersion: 2
    rgba: 4294967295
  m_fontColor: {r: 1, g: 1, b: 1, a: 1}
  m_enableVertexGradient: 0
  m_colorMode: 3
  m_fontColorGradient:
    topLeft: {r: 1, g: 1, b: 1, a: 1}
    topRight: {r: 1, g: 1, b: 1, a: 1}
    bottomLeft: {r: 1, g: 1, b: 1, a: 1}
    bottomRight: {r: 1, g: 1, b: 1, a: 1}
  m_fontColorGradientPreset: {fileID: 0}
  m_spriteAsset: {fileID: 0}
  m_tintAllSprites: 0
  m_StyleSheet: {fileID: 0}
  m_TextStyleHashCode: -1183493901
  m_overrideHtmlColors: 0
  m_faceColor:
    serializedVersion: 2
    rgba: 4294967295
  m_fontSize: 20
  m_fontSizeBase: 20
  m_fontWeight: 400
  m_enableAutoSizing: 0
  m_fontSizeMin: 18
  m_fontSizeMax: 72
  m_fontStyle: 0
  m_HorizontalAlignment: 1
  m_VerticalAlignment: 256
  m_textAlignment: 65535
  m_characterSpacing: 0
  m_wordSpacing: 0
  m_lineSpacing: 0
  m_lineSpacingMax: 0
  m_paragraphSpacing: 0
  m_charWidthMaxAdj: 0
  m_enableWordWrapping: 1
  m_wordWrappingRatios: 0.4
  m_overflowMode: 0
  m_linkedTextComponent: {fileID: 0}
  parentLinkedComponent: {fileID: 0}
  m_enableKerning: 1
  m_enableExtraPadding: 0
  checkPaddingRequired: 0
  m_isRichText: 1
  m_parseCtrlCharacters: 1
  m_isOrthographic: 1
  m_isCullingEnabled: 0
  m_horizontalMapping: 0
  m_verticalMapping: 0
  m_uvLineOffset: 0
  m_geometrySortingOrder: 0
  m_IsTextObjectScaleStatic: 0
  m_VertexBufferAutoSizeReduction: 0
  m_useMaxVisibleDescender: 1
  m_pageToDisplay: 1
  m_margin: {x: 0, y: 0, z: 0, w: 0}
  m_isUsingLegacyAnimationComponent: 0
  m_isVolumetricText: 0
  m_hasFontAssetChanged: 0
  m_baseMaterial: {fileID: 0}
  m_maskOffset: {x: 0, y: 0, z: 0, w: 0}
--- !u!222 &1310015708
CanvasRenderer:
  m_ObjectHideFlags: 0
  m_CorrespondingSourceObject: {fileID: 0}
  m_PrefabInstance: {fileID: 0}
  m_PrefabAsset: {fileID: 0}
  m_GameObject: {fileID: 1310015704}
  m_CullTransparentMesh: 1
--- !u!1001 &1548467704
PrefabInstance:
  m_ObjectHideFlags: 0
  serializedVersion: 2
  m_Modification:
    m_TransformParent: {fileID: 0}
    m_Modifications:
    - target: {fileID: 2185820267756121616, guid: d9e96a12a4ecaa345a6440f6b1b089d6, type: 3}
      propertyPath: m_Name
      value: MenuCanvas
      objectReference: {fileID: 0}
    - target: {fileID: 2185820267756121616, guid: d9e96a12a4ecaa345a6440f6b1b089d6, type: 3}
      propertyPath: m_IsActive
      value: 1
      objectReference: {fileID: 0}
    - target: {fileID: 2185820267756121628, guid: d9e96a12a4ecaa345a6440f6b1b089d6, type: 3}
      propertyPath: m_Pivot.x
      value: 0
      objectReference: {fileID: 0}
    - target: {fileID: 2185820267756121628, guid: d9e96a12a4ecaa345a6440f6b1b089d6, type: 3}
      propertyPath: m_Pivot.y
      value: 0
      objectReference: {fileID: 0}
    - target: {fileID: 2185820267756121628, guid: d9e96a12a4ecaa345a6440f6b1b089d6, type: 3}
      propertyPath: m_RootOrder
      value: 5
      objectReference: {fileID: 0}
    - target: {fileID: 2185820267756121628, guid: d9e96a12a4ecaa345a6440f6b1b089d6, type: 3}
      propertyPath: m_AnchorMax.x
      value: 0
      objectReference: {fileID: 0}
    - target: {fileID: 2185820267756121628, guid: d9e96a12a4ecaa345a6440f6b1b089d6, type: 3}
      propertyPath: m_AnchorMax.y
      value: 0
      objectReference: {fileID: 0}
    - target: {fileID: 2185820267756121628, guid: d9e96a12a4ecaa345a6440f6b1b089d6, type: 3}
      propertyPath: m_AnchorMin.x
      value: 0
      objectReference: {fileID: 0}
    - target: {fileID: 2185820267756121628, guid: d9e96a12a4ecaa345a6440f6b1b089d6, type: 3}
      propertyPath: m_AnchorMin.y
      value: 0
      objectReference: {fileID: 0}
    - target: {fileID: 2185820267756121628, guid: d9e96a12a4ecaa345a6440f6b1b089d6, type: 3}
      propertyPath: m_SizeDelta.x
      value: 0
      objectReference: {fileID: 0}
    - target: {fileID: 2185820267756121628, guid: d9e96a12a4ecaa345a6440f6b1b089d6, type: 3}
      propertyPath: m_SizeDelta.y
      value: 0
      objectReference: {fileID: 0}
    - target: {fileID: 2185820267756121628, guid: d9e96a12a4ecaa345a6440f6b1b089d6, type: 3}
      propertyPath: m_LocalPosition.x
      value: 0
      objectReference: {fileID: 0}
    - target: {fileID: 2185820267756121628, guid: d9e96a12a4ecaa345a6440f6b1b089d6, type: 3}
      propertyPath: m_LocalPosition.y
      value: 0
      objectReference: {fileID: 0}
    - target: {fileID: 2185820267756121628, guid: d9e96a12a4ecaa345a6440f6b1b089d6, type: 3}
      propertyPath: m_LocalPosition.z
      value: 0
      objectReference: {fileID: 0}
    - target: {fileID: 2185820267756121628, guid: d9e96a12a4ecaa345a6440f6b1b089d6, type: 3}
      propertyPath: m_LocalRotation.w
      value: 1
      objectReference: {fileID: 0}
    - target: {fileID: 2185820267756121628, guid: d9e96a12a4ecaa345a6440f6b1b089d6, type: 3}
      propertyPath: m_LocalRotation.x
      value: 0
      objectReference: {fileID: 0}
    - target: {fileID: 2185820267756121628, guid: d9e96a12a4ecaa345a6440f6b1b089d6, type: 3}
      propertyPath: m_LocalRotation.y
      value: 0
      objectReference: {fileID: 0}
    - target: {fileID: 2185820267756121628, guid: d9e96a12a4ecaa345a6440f6b1b089d6, type: 3}
      propertyPath: m_LocalRotation.z
      value: 0
      objectReference: {fileID: 0}
    - target: {fileID: 2185820267756121628, guid: d9e96a12a4ecaa345a6440f6b1b089d6, type: 3}
      propertyPath: m_AnchoredPosition.x
      value: 0
      objectReference: {fileID: 0}
    - target: {fileID: 2185820267756121628, guid: d9e96a12a4ecaa345a6440f6b1b089d6, type: 3}
      propertyPath: m_AnchoredPosition.y
      value: 0
      objectReference: {fileID: 0}
    - target: {fileID: 2185820267756121628, guid: d9e96a12a4ecaa345a6440f6b1b089d6, type: 3}
      propertyPath: m_LocalEulerAnglesHint.x
      value: 0
      objectReference: {fileID: 0}
    - target: {fileID: 2185820267756121628, guid: d9e96a12a4ecaa345a6440f6b1b089d6, type: 3}
      propertyPath: m_LocalEulerAnglesHint.y
      value: 0
      objectReference: {fileID: 0}
    - target: {fileID: 2185820267756121628, guid: d9e96a12a4ecaa345a6440f6b1b089d6, type: 3}
      propertyPath: m_LocalEulerAnglesHint.z
      value: 0
      objectReference: {fileID: 0}
    - target: {fileID: 2185820267756121629, guid: d9e96a12a4ecaa345a6440f6b1b089d6, type: 3}
      propertyPath: contMusic
      value: 0
      objectReference: {fileID: 0}
    - target: {fileID: 2758543197670099329, guid: d9e96a12a4ecaa345a6440f6b1b089d6, type: 3}
      propertyPath: m_AnchorMax.x
      value: 0
      objectReference: {fileID: 0}
    - target: {fileID: 2758543197670099329, guid: d9e96a12a4ecaa345a6440f6b1b089d6, type: 3}
      propertyPath: m_AnchorMax.y
      value: 0
      objectReference: {fileID: 0}
    - target: {fileID: 3335604560793269562, guid: d9e96a12a4ecaa345a6440f6b1b089d6, type: 3}
      propertyPath: m_AnchorMax.x
      value: 0
      objectReference: {fileID: 0}
    - target: {fileID: 3335604560793269562, guid: d9e96a12a4ecaa345a6440f6b1b089d6, type: 3}
      propertyPath: m_AnchorMax.y
      value: 0
      objectReference: {fileID: 0}
    - target: {fileID: 3335604560793269562, guid: d9e96a12a4ecaa345a6440f6b1b089d6, type: 3}
      propertyPath: m_AnchorMin.x
      value: 0
      objectReference: {fileID: 0}
    - target: {fileID: 7631477865746948660, guid: d9e96a12a4ecaa345a6440f6b1b089d6, type: 3}
      propertyPath: m_AnchorMax.x
      value: 0
      objectReference: {fileID: 0}
    - target: {fileID: 7631477865746948660, guid: d9e96a12a4ecaa345a6440f6b1b089d6, type: 3}
      propertyPath: m_AnchorMax.y
      value: 0
      objectReference: {fileID: 0}
    - target: {fileID: 7631477865746948660, guid: d9e96a12a4ecaa345a6440f6b1b089d6, type: 3}
      propertyPath: m_AnchorMin.x
      value: 0
      objectReference: {fileID: 0}
    - target: {fileID: 8485826464916534166, guid: d9e96a12a4ecaa345a6440f6b1b089d6, type: 3}
      propertyPath: m_AnchorMax.x
      value: 0
      objectReference: {fileID: 0}
    - target: {fileID: 8485826464916534166, guid: d9e96a12a4ecaa345a6440f6b1b089d6, type: 3}
      propertyPath: m_AnchorMax.y
      value: 0
      objectReference: {fileID: 0}
    m_RemovedComponents: []
  m_SourcePrefab: {fileID: 100100000, guid: d9e96a12a4ecaa345a6440f6b1b089d6, type: 3}
--- !u!1001 &1556782665
PrefabInstance:
  m_ObjectHideFlags: 0
  serializedVersion: 2
  m_Modification:
    m_TransformParent: {fileID: 0}
    m_Modifications:
    - target: {fileID: 3647630954156677066, guid: e1c7c112f24f5cc4fb843d1b44c705c6, type: 3}
      propertyPath: m_RootOrder
      value: 2
      objectReference: {fileID: 0}
    - target: {fileID: 3647630954156677066, guid: e1c7c112f24f5cc4fb843d1b44c705c6, type: 3}
      propertyPath: m_LocalPosition.x
      value: 0
      objectReference: {fileID: 0}
    - target: {fileID: 3647630954156677066, guid: e1c7c112f24f5cc4fb843d1b44c705c6, type: 3}
      propertyPath: m_LocalPosition.y
      value: 3
      objectReference: {fileID: 0}
    - target: {fileID: 3647630954156677066, guid: e1c7c112f24f5cc4fb843d1b44c705c6, type: 3}
      propertyPath: m_LocalPosition.z
      value: 0
      objectReference: {fileID: 0}
    - target: {fileID: 3647630954156677066, guid: e1c7c112f24f5cc4fb843d1b44c705c6, type: 3}
      propertyPath: m_LocalRotation.w
      value: -0.88030905
      objectReference: {fileID: 0}
    - target: {fileID: 3647630954156677066, guid: e1c7c112f24f5cc4fb843d1b44c705c6, type: 3}
      propertyPath: m_LocalRotation.x
      value: -0.4208292
      objectReference: {fileID: 0}
    - target: {fileID: 3647630954156677066, guid: e1c7c112f24f5cc4fb843d1b44c705c6, type: 3}
      propertyPath: m_LocalRotation.y
      value: 0.19757923
      objectReference: {fileID: 0}
    - target: {fileID: 3647630954156677066, guid: e1c7c112f24f5cc4fb843d1b44c705c6, type: 3}
      propertyPath: m_LocalRotation.z
      value: -0.09445219
      objectReference: {fileID: 0}
    - target: {fileID: 3647630954156677066, guid: e1c7c112f24f5cc4fb843d1b44c705c6, type: 3}
      propertyPath: m_LocalEulerAnglesHint.x
      value: 51.1
      objectReference: {fileID: 0}
    - target: {fileID: 3647630954156677066, guid: e1c7c112f24f5cc4fb843d1b44c705c6, type: 3}
      propertyPath: m_LocalEulerAnglesHint.y
      value: 334.7
      objectReference: {fileID: 0}
    - target: {fileID: 3647630954156677066, guid: e1c7c112f24f5cc4fb843d1b44c705c6, type: 3}
      propertyPath: m_LocalEulerAnglesHint.z
      value: 0
      objectReference: {fileID: 0}
    - target: {fileID: 3647630954156677068, guid: e1c7c112f24f5cc4fb843d1b44c705c6, type: 3}
      propertyPath: m_Name
      value: Directional Light
      objectReference: {fileID: 0}
    m_RemovedComponents: []
  m_SourcePrefab: {fileID: 100100000, guid: e1c7c112f24f5cc4fb843d1b44c705c6, type: 3}
--- !u!1 &1602263422
GameObject:
  m_ObjectHideFlags: 3
  m_CorrespondingSourceObject: {fileID: 0}
  m_PrefabInstance: {fileID: 0}
  m_PrefabAsset: {fileID: 0}
  serializedVersion: 6
  m_Component:
  - component: {fileID: 1602263423}
  - component: {fileID: 1602263426}
  - component: {fileID: 1602263425}
  - component: {fileID: 1602263424}
  m_Layer: 0
  m_Name: cm
  m_TagString: Untagged
  m_Icon: {fileID: 0}
  m_NavMeshLayer: 0
  m_StaticEditorFlags: 0
  m_IsActive: 1
--- !u!4 &1602263423
Transform:
  m_ObjectHideFlags: 3
  m_CorrespondingSourceObject: {fileID: 0}
  m_PrefabInstance: {fileID: 0}
  m_PrefabAsset: {fileID: 0}
  m_GameObject: {fileID: 1602263422}
  m_LocalRotation: {x: 0.06536862, y: -0.32948428, z: 0.022871593, w: -0.9416177}
  m_LocalPosition: {x: -1.6474724, y: -6.568057, z: 45.510574}
  m_LocalScale: {x: 1, y: 1, z: 1}
  m_Children: []
  m_Father: {fileID: 751580333}
  m_RootOrder: 0
  m_LocalEulerAnglesHint: {x: 0, y: 0, z: 0}
--- !u!114 &1602263424
MonoBehaviour:
  m_ObjectHideFlags: 3
  m_CorrespondingSourceObject: {fileID: 0}
  m_PrefabInstance: {fileID: 0}
  m_PrefabAsset: {fileID: 0}
  m_GameObject: {fileID: 1602263422}
  m_Enabled: 1
  m_EditorHideFlags: 0
  m_Script: {fileID: 11500000, guid: fa7155796051b734daa718462081dc5f, type: 3}
  m_Name: 
  m_EditorClassIdentifier: 
  m_BindingMode: 1
  m_FollowOffset: {x: 2.6758308, y: 1.6899998, z: -10}
  m_XDamping: 1
  m_YDamping: 1
  m_ZDamping: 1
  m_AngularDampingMode: 0
  m_PitchDamping: 0
  m_YawDamping: 0
  m_RollDamping: 0
  m_AngularDamping: 0
--- !u!114 &1602263425
MonoBehaviour:
  m_ObjectHideFlags: 3
  m_CorrespondingSourceObject: {fileID: 0}
  m_PrefabInstance: {fileID: 0}
  m_PrefabAsset: {fileID: 0}
  m_GameObject: {fileID: 1602263422}
  m_Enabled: 1
  m_EditorHideFlags: 0
  m_Script: {fileID: 11500000, guid: f4044717213e31446939f7bd49c896ea, type: 3}
  m_Name: 
  m_EditorClassIdentifier: 
  m_TrackedObjectOffset: {x: 0, y: 0, z: 0}
  m_LookaheadTime: 0
  m_LookaheadSmoothing: 0
  m_LookaheadIgnoreY: 0
  m_HorizontalDamping: 0.5
  m_VerticalDamping: 0.5
  m_ScreenX: 0.5
  m_ScreenY: 0.5
  m_DeadZoneWidth: 0
  m_DeadZoneHeight: 0
  m_SoftZoneWidth: 0.8
  m_SoftZoneHeight: 0.8
  m_BiasX: 0
  m_BiasY: 0
  m_CenterOnActivate: 1
--- !u!114 &1602263426
MonoBehaviour:
  m_ObjectHideFlags: 3
  m_CorrespondingSourceObject: {fileID: 0}
  m_PrefabInstance: {fileID: 0}
  m_PrefabAsset: {fileID: 0}
  m_GameObject: {fileID: 1602263422}
  m_Enabled: 1
  m_EditorHideFlags: 0
  m_Script: {fileID: 11500000, guid: ac0b09e7857660247b1477e93731de29, type: 3}
  m_Name: 
  m_EditorClassIdentifier: 
--- !u!1 &2029731587
GameObject:
  m_ObjectHideFlags: 0
  m_CorrespondingSourceObject: {fileID: 0}
  m_PrefabInstance: {fileID: 0}
  m_PrefabAsset: {fileID: 0}
  serializedVersion: 6
  m_Component:
  - component: {fileID: 2029731591}
  - component: {fileID: 2029731590}
  - component: {fileID: 2029731589}
  - component: {fileID: 2029731588}
  m_Layer: 5
  m_Name: PlanetCanvas
  m_TagString: Untagged
  m_Icon: {fileID: 0}
  m_NavMeshLayer: 0
  m_StaticEditorFlags: 0
  m_IsActive: 1
--- !u!114 &2029731588
MonoBehaviour:
  m_ObjectHideFlags: 0
  m_CorrespondingSourceObject: {fileID: 0}
  m_PrefabInstance: {fileID: 0}
  m_PrefabAsset: {fileID: 0}
  m_GameObject: {fileID: 2029731587}
  m_Enabled: 1
  m_EditorHideFlags: 0
  m_Script: {fileID: 11500000, guid: dc42784cf147c0c48a680349fa168899, type: 3}
  m_Name: 
  m_EditorClassIdentifier: 
  m_IgnoreReversedGraphics: 1
  m_BlockingObjects: 0
  m_BlockingMask:
    serializedVersion: 2
    m_Bits: 4294967295
--- !u!114 &2029731589
MonoBehaviour:
  m_ObjectHideFlags: 0
  m_CorrespondingSourceObject: {fileID: 0}
  m_PrefabInstance: {fileID: 0}
  m_PrefabAsset: {fileID: 0}
  m_GameObject: {fileID: 2029731587}
  m_Enabled: 1
  m_EditorHideFlags: 0
  m_Script: {fileID: 11500000, guid: 0cd44c1031e13a943bb63640046fad76, type: 3}
  m_Name: 
  m_EditorClassIdentifier: 
  m_UiScaleMode: 1
  m_ReferencePixelsPerUnit: 100
  m_ScaleFactor: 1
  m_ReferenceResolution: {x: 1920, y: 1080}
  m_ScreenMatchMode: 0
  m_MatchWidthOrHeight: 0
  m_PhysicalUnit: 3
  m_FallbackScreenDPI: 96
  m_DefaultSpriteDPI: 96
  m_DynamicPixelsPerUnit: 1
  m_PresetInfoIsWorld: 0
--- !u!223 &2029731590
Canvas:
  m_ObjectHideFlags: 0
  m_CorrespondingSourceObject: {fileID: 0}
  m_PrefabInstance: {fileID: 0}
  m_PrefabAsset: {fileID: 0}
  m_GameObject: {fileID: 2029731587}
  m_Enabled: 1
  serializedVersion: 3
  m_RenderMode: 0
  m_Camera: {fileID: 0}
  m_PlaneDistance: 100
  m_PixelPerfect: 0
  m_ReceivesEvents: 1
  m_OverrideSorting: 0
  m_OverridePixelPerfect: 0
  m_SortingBucketNormalizedSize: 0
  m_AdditionalShaderChannelsFlag: 25
  m_SortingLayerID: 0
  m_SortingOrder: 0
  m_TargetDisplay: 0
--- !u!224 &2029731591
RectTransform:
  m_ObjectHideFlags: 0
  m_CorrespondingSourceObject: {fileID: 0}
  m_PrefabInstance: {fileID: 0}
  m_PrefabAsset: {fileID: 0}
  m_GameObject: {fileID: 2029731587}
  m_LocalRotation: {x: 0, y: 0, z: 0, w: 1}
  m_LocalPosition: {x: 0, y: 0, z: 0}
  m_LocalScale: {x: 0, y: 0, z: 0}
  m_Children:
  - {fileID: 196263736}
  m_Father: {fileID: 0}
  m_RootOrder: 6
  m_LocalEulerAnglesHint: {x: 0, y: 0, z: 0}
  m_AnchorMin: {x: 0, y: 0}
  m_AnchorMax: {x: 0, y: 0}
  m_AnchoredPosition: {x: 0, y: 0}
  m_SizeDelta: {x: 0, y: 0}
  m_Pivot: {x: 0, y: 0}
--- !u!1 &2046934162
GameObject:
  m_ObjectHideFlags: 0
  m_CorrespondingSourceObject: {fileID: 0}
  m_PrefabInstance: {fileID: 0}
  m_PrefabAsset: {fileID: 0}
  serializedVersion: 6
  m_Component:
  - component: {fileID: 2046934163}
  - component: {fileID: 2046934165}
  - component: {fileID: 2046934166}
  - component: {fileID: 2046934164}
  m_Layer: 0
  m_Name: Story
  m_TagString: Untagged
  m_Icon: {fileID: 0}
  m_NavMeshLayer: 0
  m_StaticEditorFlags: 4294967295
  m_IsActive: 1
--- !u!224 &2046934163
RectTransform:
  m_ObjectHideFlags: 0
  m_CorrespondingSourceObject: {fileID: 0}
  m_PrefabInstance: {fileID: 0}
  m_PrefabAsset: {fileID: 0}
  m_GameObject: {fileID: 2046934162}
  m_LocalRotation: {x: -0, y: -0, z: -0, w: 1}
  m_LocalPosition: {x: 0, y: 0, z: 0}
  m_LocalScale: {x: 2.385458, y: 2.385458, z: 2.385458}
  m_Children: []
  m_Father: {fileID: 540586793}
  m_RootOrder: 0
  m_LocalEulerAnglesHint: {x: 0, y: 0, z: 0}
  m_AnchorMin: {x: 0, y: 1}
  m_AnchorMax: {x: 0, y: 1}
  m_AnchoredPosition: {x: 904, y: -52}
  m_SizeDelta: {x: 346.628, y: 0}
  m_Pivot: {x: 1, y: 1}
--- !u!114 &2046934164
MonoBehaviour:
  m_ObjectHideFlags: 0
  m_CorrespondingSourceObject: {fileID: 0}
  m_PrefabInstance: {fileID: 0}
  m_PrefabAsset: {fileID: 0}
  m_GameObject: {fileID: 2046934162}
  m_Enabled: 1
  m_EditorHideFlags: 0
  m_Script: {fileID: 11500000, guid: f4688fdb7df04437aeb418b961361dc5, type: 3}
  m_Name: 
  m_EditorClassIdentifier: 
  m_Material: {fileID: 0}
  m_Color: {r: 1, g: 1, b: 1, a: 1}
  m_RaycastTarget: 1
  m_RaycastPadding: {x: 0, y: 0, z: 0, w: 0}
  m_Maskable: 1
  m_OnCullStateChanged:
    m_PersistentCalls:
      m_Calls: []
  m_text: 'Lorem ipsum dolor sit amet, consectetur adipiscing elit. Nam placerat
    tortor diam, quis pulvinar tortor tincidunt tincidunt. Sed condimentum dui sit
    amet odio sagittis tincidunt. Orci varius natoque penatibus et magnis dis parturient
    montes, nascetur ridiculus mus. Duis purus ipsum, fringilla et erat et, aliquet
    consequat sapien. Cras turpis sem, egestas porttitor est non, pellentesque imperdiet
    massa. Quisque volutpat risus eget nisi ultrices posuere ac ac nunc. Curabitur
    eu maximus ipsum. Sed lacinia, mi a efficitur suscipit, ipsum sapien condimentum
    augue, non consequat ligula elit laoreet nunc. Nunc ut scelerisque dui. Vestibulum
    dolor orci, eleifend a nibh sed, volutpat vehicula neque. Maecenas et sodales
    leo. Curabitur maximus fringilla ipsum id porta. Suspendisse potenti. Maecenas
    fringilla maximus turpis id auctor. Aenean sed mi ac tellus faucibus rutrum. '
  m_isRightToLeft: 0
  m_fontAsset: {fileID: 11400000, guid: 2e498d1c8094910479dc3e1b768306a4, type: 2}
  m_sharedMaterial: {fileID: 2180264, guid: 2e498d1c8094910479dc3e1b768306a4, type: 2}
  m_fontSharedMaterials: []
  m_fontMaterial: {fileID: 0}
  m_fontMaterials: []
  m_fontColor32:
    serializedVersion: 2
    rgba: 4294967295
  m_fontColor: {r: 1, g: 1, b: 1, a: 1}
  m_enableVertexGradient: 0
  m_colorMode: 3
  m_fontColorGradient:
    topLeft: {r: 1, g: 1, b: 1, a: 1}
    topRight: {r: 1, g: 1, b: 1, a: 1}
    bottomLeft: {r: 1, g: 1, b: 1, a: 1}
    bottomRight: {r: 1, g: 1, b: 1, a: 1}
  m_fontColorGradientPreset: {fileID: 0}
  m_spriteAsset: {fileID: 0}
  m_tintAllSprites: 0
  m_StyleSheet: {fileID: 0}
  m_TextStyleHashCode: -1183493901
  m_overrideHtmlColors: 0
  m_faceColor:
    serializedVersion: 2
    rgba: 4294967295
  m_fontSize: 20
  m_fontSizeBase: 20
  m_fontWeight: 400
  m_enableAutoSizing: 0
  m_fontSizeMin: 18
  m_fontSizeMax: 72
  m_fontStyle: 0
  m_HorizontalAlignment: 1
  m_VerticalAlignment: 256
  m_textAlignment: 65535
  m_characterSpacing: 0
  m_wordSpacing: 0
  m_lineSpacing: 0
  m_lineSpacingMax: 0
  m_paragraphSpacing: 0
  m_charWidthMaxAdj: 0
  m_enableWordWrapping: 1
  m_wordWrappingRatios: 0.4
  m_overflowMode: 0
  m_linkedTextComponent: {fileID: 0}
  parentLinkedComponent: {fileID: 0}
  m_enableKerning: 1
  m_enableExtraPadding: 0
  checkPaddingRequired: 0
  m_isRichText: 1
  m_parseCtrlCharacters: 1
  m_isOrthographic: 1
  m_isCullingEnabled: 0
  m_horizontalMapping: 0
  m_verticalMapping: 0
  m_uvLineOffset: 0
  m_geometrySortingOrder: 0
  m_IsTextObjectScaleStatic: 0
  m_VertexBufferAutoSizeReduction: 0
  m_useMaxVisibleDescender: 1
  m_pageToDisplay: 1
  m_margin: {x: 0, y: 0, z: 0, w: 0}
  m_isUsingLegacyAnimationComponent: 0
  m_isVolumetricText: 0
  m_hasFontAssetChanged: 0
  m_baseMaterial: {fileID: 0}
  m_maskOffset: {x: 0, y: 0, z: 0, w: 0}
--- !u!222 &2046934165
CanvasRenderer:
  m_ObjectHideFlags: 0
  m_CorrespondingSourceObject: {fileID: 0}
  m_PrefabInstance: {fileID: 0}
  m_PrefabAsset: {fileID: 0}
  m_GameObject: {fileID: 2046934162}
  m_CullTransparentMesh: 1
--- !u!114 &2046934166
MonoBehaviour:
  m_ObjectHideFlags: 0
  m_CorrespondingSourceObject: {fileID: 0}
  m_PrefabInstance: {fileID: 0}
  m_PrefabAsset: {fileID: 0}
  m_GameObject: {fileID: 2046934162}
  m_Enabled: 1
  m_EditorHideFlags: 0
  m_Script: {fileID: 11500000, guid: 3245ec927659c4140ac4f8d17403cc18, type: 3}
  m_Name: 
  m_EditorClassIdentifier: 
  m_HorizontalFit: 0
  m_VerticalFit: 2
--- !u!1 &2089934914
GameObject:
  m_ObjectHideFlags: 0
  m_CorrespondingSourceObject: {fileID: 0}
  m_PrefabInstance: {fileID: 0}
  m_PrefabAsset: {fileID: 0}
  serializedVersion: 6
  m_Component:
  - component: {fileID: 2089934918}
  - component: {fileID: 2089934917}
  - component: {fileID: 2089934916}
  - component: {fileID: 2089934915}
  m_Layer: 0
  m_Name: Food Planet
  m_TagString: Planet
  m_Icon: {fileID: 0}
  m_NavMeshLayer: 0
  m_StaticEditorFlags: 0
  m_IsActive: 1
--- !u!135 &2089934915
SphereCollider:
  m_ObjectHideFlags: 0
  m_CorrespondingSourceObject: {fileID: 0}
  m_PrefabInstance: {fileID: 0}
  m_PrefabAsset: {fileID: 0}
  m_GameObject: {fileID: 2089934914}
  m_Material: {fileID: 0}
  m_IsTrigger: 0
  m_Enabled: 1
  serializedVersion: 2
  m_Radius: 0.5
  m_Center: {x: 0, y: 0, z: 0}
--- !u!23 &2089934916
MeshRenderer:
  m_ObjectHideFlags: 0
  m_CorrespondingSourceObject: {fileID: 0}
  m_PrefabInstance: {fileID: 0}
  m_PrefabAsset: {fileID: 0}
  m_GameObject: {fileID: 2089934914}
  m_Enabled: 1
  m_CastShadows: 1
  m_ReceiveShadows: 1
  m_DynamicOccludee: 1
  m_MotionVectors: 1
  m_LightProbeUsage: 1
  m_ReflectionProbeUsage: 1
  m_RayTracingMode: 2
  m_RayTraceProcedural: 0
  m_RenderingLayerMask: 1
  m_RendererPriority: 0
  m_Materials:
  - {fileID: 2100000, guid: cd2b3dd2bed6a4e4d914ef6c2f46147e, type: 2}
  m_StaticBatchInfo:
    firstSubMesh: 0
    subMeshCount: 0
  m_StaticBatchRoot: {fileID: 0}
  m_ProbeAnchor: {fileID: 0}
  m_LightProbeVolumeOverride: {fileID: 0}
  m_ScaleInLightmap: 1
  m_ReceiveGI: 1
  m_PreserveUVs: 0
  m_IgnoreNormalsForChartDetection: 0
  m_ImportantGI: 0
  m_StitchLightmapSeams: 1
  m_SelectedEditorRenderState: 3
  m_MinimumChartSize: 4
  m_AutoUVMaxDistance: 0.5
  m_AutoUVMaxAngle: 89
  m_LightmapParameters: {fileID: 0}
  m_SortingLayerID: 0
  m_SortingLayer: 0
  m_SortingOrder: 0
  m_AdditionalVertexStreams: {fileID: 0}
--- !u!33 &2089934917
MeshFilter:
  m_ObjectHideFlags: 0
  m_CorrespondingSourceObject: {fileID: 0}
  m_PrefabInstance: {fileID: 0}
  m_PrefabAsset: {fileID: 0}
  m_GameObject: {fileID: 2089934914}
  m_Mesh: {fileID: 10207, guid: 0000000000000000e000000000000000, type: 0}
--- !u!4 &2089934918
Transform:
  m_ObjectHideFlags: 0
  m_CorrespondingSourceObject: {fileID: 0}
  m_PrefabInstance: {fileID: 0}
  m_PrefabAsset: {fileID: 0}
  m_GameObject: {fileID: 2089934914}
  m_LocalRotation: {x: 0.013176251, y: 0.84337896, z: 0.007983294, w: 0.5370983}
  m_LocalPosition: {x: 1317, y: -51, z: 2187.9995}
  m_LocalScale: {x: 500, y: 500, z: 500}
  m_Children: []
  m_Father: {fileID: 0}
  m_RootOrder: 16
  m_LocalEulerAnglesHint: {x: 0.039, y: 115.019, z: 1.765}
--- !u!1 &2091237647
GameObject:
  m_ObjectHideFlags: 3
  m_CorrespondingSourceObject: {fileID: 0}
  m_PrefabInstance: {fileID: 0}
  m_PrefabAsset: {fileID: 0}
  serializedVersion: 6
  m_Component:
  - component: {fileID: 2091237648}
  - component: {fileID: 2091237651}
  - component: {fileID: 2091237650}
  - component: {fileID: 2091237649}
  m_Layer: 0
  m_Name: cm
  m_TagString: Untagged
  m_Icon: {fileID: 0}
  m_NavMeshLayer: 0
  m_StaticEditorFlags: 0
  m_IsActive: 1
--- !u!4 &2091237648
Transform:
  m_ObjectHideFlags: 3
  m_CorrespondingSourceObject: {fileID: 0}
  m_PrefabInstance: {fileID: 0}
  m_PrefabAsset: {fileID: 0}
  m_GameObject: {fileID: 2091237647}
  m_LocalRotation: {x: -0.17085078, y: -0.6309909, z: 0.14620933, w: 0.74248457}
  m_LocalPosition: {x: -3.1177979, y: 7.287849, z: 80.20416}
  m_LocalScale: {x: 1, y: 1, z: 1}
  m_Children: []
  m_Father: {fileID: 168762135}
  m_RootOrder: 0
  m_LocalEulerAnglesHint: {x: 0, y: 0, z: 0}
--- !u!114 &2091237649
MonoBehaviour:
  m_ObjectHideFlags: 3
  m_CorrespondingSourceObject: {fileID: 0}
  m_PrefabInstance: {fileID: 0}
  m_PrefabAsset: {fileID: 0}
  m_GameObject: {fileID: 2091237647}
  m_Enabled: 1
  m_EditorHideFlags: 0
  m_Script: {fileID: 11500000, guid: 418e42c7d0405cc48a7b83f63ea53bb3, type: 3}
  m_Name: 
  m_EditorClassIdentifier: 
  m_Path: {fileID: 2128653380}
  m_PathPosition: 0
  m_PositionUnits: 0
  m_PathOffset: {x: 0, y: 0, z: 0}
  m_XDamping: 0
  m_YDamping: 0
  m_ZDamping: 1
  m_CameraUp: 0
  m_PitchDamping: 0
  m_YawDamping: 0
  m_RollDamping: 0
  m_AutoDolly:
    m_Enabled: 1
    m_PositionOffset: 0
    m_SearchRadius: 2
    m_SearchResolution: 5
--- !u!114 &2091237650
MonoBehaviour:
  m_ObjectHideFlags: 3
  m_CorrespondingSourceObject: {fileID: 0}
  m_PrefabInstance: {fileID: 0}
  m_PrefabAsset: {fileID: 0}
  m_GameObject: {fileID: 2091237647}
  m_Enabled: 1
  m_EditorHideFlags: 0
  m_Script: {fileID: 11500000, guid: f4044717213e31446939f7bd49c896ea, type: 3}
  m_Name: 
  m_EditorClassIdentifier: 
  m_TrackedObjectOffset: {x: 0, y: 0, z: 0}
  m_LookaheadTime: 0
  m_LookaheadSmoothing: 0
  m_LookaheadIgnoreY: 0
  m_HorizontalDamping: 0.5
  m_VerticalDamping: 0.5
  m_ScreenX: 0.5
  m_ScreenY: 0.5
  m_DeadZoneWidth: 0
  m_DeadZoneHeight: 0
  m_SoftZoneWidth: 0.8
  m_SoftZoneHeight: 0.8
  m_BiasX: 0
  m_BiasY: 0
  m_CenterOnActivate: 1
--- !u!114 &2091237651
MonoBehaviour:
  m_ObjectHideFlags: 3
  m_CorrespondingSourceObject: {fileID: 0}
  m_PrefabInstance: {fileID: 0}
  m_PrefabAsset: {fileID: 0}
  m_GameObject: {fileID: 2091237647}
  m_Enabled: 1
  m_EditorHideFlags: 0
  m_Script: {fileID: 11500000, guid: ac0b09e7857660247b1477e93731de29, type: 3}
  m_Name: 
  m_EditorClassIdentifier: 
--- !u!1 &2117760942
GameObject:
  m_ObjectHideFlags: 0
  m_CorrespondingSourceObject: {fileID: 0}
  m_PrefabInstance: {fileID: 0}
  m_PrefabAsset: {fileID: 0}
  serializedVersion: 6
  m_Component:
  - component: {fileID: 2117760943}
  - component: {fileID: 2117760945}
  - component: {fileID: 2117760944}
  m_Layer: 5
  m_Name: Text
  m_TagString: Untagged
  m_Icon: {fileID: 0}
  m_NavMeshLayer: 0
  m_StaticEditorFlags: 0
  m_IsActive: 1
--- !u!224 &2117760943
RectTransform:
  m_ObjectHideFlags: 0
  m_CorrespondingSourceObject: {fileID: 0}
  m_PrefabInstance: {fileID: 0}
  m_PrefabAsset: {fileID: 0}
  m_GameObject: {fileID: 2117760942}
  m_LocalRotation: {x: 0, y: 0, z: 0, w: 1}
  m_LocalPosition: {x: 0, y: 0, z: 0}
  m_LocalScale: {x: 1, y: 1, z: 1}
  m_Children: []
  m_Father: {fileID: 196263736}
  m_RootOrder: 0
  m_LocalEulerAnglesHint: {x: 0, y: 0, z: 0}
  m_AnchorMin: {x: 0.5, y: 0.5}
  m_AnchorMax: {x: 0.5, y: 0.5}
  m_AnchoredPosition: {x: 0, y: 0.000012159}
  m_SizeDelta: {x: 207.5488, y: 30}
  m_Pivot: {x: 0.5, y: 0.5}
--- !u!114 &2117760944
MonoBehaviour:
  m_ObjectHideFlags: 0
  m_CorrespondingSourceObject: {fileID: 0}
  m_PrefabInstance: {fileID: 0}
  m_PrefabAsset: {fileID: 0}
  m_GameObject: {fileID: 2117760942}
  m_Enabled: 1
  m_EditorHideFlags: 0
  m_Script: {fileID: 11500000, guid: f4688fdb7df04437aeb418b961361dc5, type: 3}
  m_Name: 
  m_EditorClassIdentifier: 
  m_Material: {fileID: 0}
  m_Color: {r: 1, g: 1, b: 1, a: 1}
  m_RaycastTarget: 1
  m_RaycastPadding: {x: 0, y: 0, z: 0, w: 0}
  m_Maskable: 1
  m_OnCullStateChanged:
    m_PersistentCalls:
      m_Calls: []
  m_text: Planet information
  m_isRightToLeft: 0
  m_fontAsset: {fileID: 11400000, guid: 2e498d1c8094910479dc3e1b768306a4, type: 2}
  m_sharedMaterial: {fileID: 2180264, guid: 2e498d1c8094910479dc3e1b768306a4, type: 2}
  m_fontSharedMaterials: []
  m_fontMaterial: {fileID: 0}
  m_fontMaterials: []
  m_fontColor32:
    serializedVersion: 2
    rgba: 4294967295
  m_fontColor: {r: 1, g: 1, b: 1, a: 1}
  m_enableVertexGradient: 0
  m_colorMode: 3
  m_fontColorGradient:
    topLeft: {r: 1, g: 1, b: 1, a: 1}
    topRight: {r: 1, g: 1, b: 1, a: 1}
    bottomLeft: {r: 1, g: 1, b: 1, a: 1}
    bottomRight: {r: 1, g: 1, b: 1, a: 1}
  m_fontColorGradientPreset: {fileID: 0}
  m_spriteAsset: {fileID: 0}
  m_tintAllSprites: 0
  m_StyleSheet: {fileID: 0}
  m_TextStyleHashCode: -1183493901
  m_overrideHtmlColors: 0
  m_faceColor:
    serializedVersion: 2
    rgba: 4294967295
  m_fontSize: 20
  m_fontSizeBase: 20
  m_fontWeight: 400
  m_enableAutoSizing: 0
  m_fontSizeMin: 18
  m_fontSizeMax: 72
  m_fontStyle: 0
  m_HorizontalAlignment: 2
  m_VerticalAlignment: 256
  m_textAlignment: 65535
  m_characterSpacing: 0
  m_wordSpacing: 0
  m_lineSpacing: 0
  m_lineSpacingMax: 0
  m_paragraphSpacing: 0
  m_charWidthMaxAdj: 0
  m_enableWordWrapping: 1
  m_wordWrappingRatios: 0.4
  m_overflowMode: 0
  m_linkedTextComponent: {fileID: 0}
  parentLinkedComponent: {fileID: 0}
  m_enableKerning: 1
  m_enableExtraPadding: 0
  checkPaddingRequired: 0
  m_isRichText: 1
  m_parseCtrlCharacters: 1
  m_isOrthographic: 1
  m_isCullingEnabled: 0
  m_horizontalMapping: 0
  m_verticalMapping: 0
  m_uvLineOffset: 0
  m_geometrySortingOrder: 0
  m_IsTextObjectScaleStatic: 0
  m_VertexBufferAutoSizeReduction: 0
  m_useMaxVisibleDescender: 1
  m_pageToDisplay: 1
  m_margin: {x: 0, y: 0, z: 0, w: 0}
  m_isUsingLegacyAnimationComponent: 0
  m_isVolumetricText: 0
  m_hasFontAssetChanged: 0
  m_baseMaterial: {fileID: 0}
  m_maskOffset: {x: 0, y: 0, z: 0, w: 0}
--- !u!222 &2117760945
CanvasRenderer:
  m_ObjectHideFlags: 0
  m_CorrespondingSourceObject: {fileID: 0}
  m_PrefabInstance: {fileID: 0}
  m_PrefabAsset: {fileID: 0}
  m_GameObject: {fileID: 2117760942}
  m_CullTransparentMesh: 1
--- !u!1 &2128653379
GameObject:
  m_ObjectHideFlags: 0
  m_CorrespondingSourceObject: {fileID: 0}
  m_PrefabInstance: {fileID: 0}
  m_PrefabAsset: {fileID: 0}
  serializedVersion: 6
  m_Component:
  - component: {fileID: 2128653381}
  - component: {fileID: 2128653380}
  m_Layer: 0
  m_Name: DollyTrack1
  m_TagString: Untagged
  m_Icon: {fileID: 0}
  m_NavMeshLayer: 0
  m_StaticEditorFlags: 0
  m_IsActive: 1
--- !u!114 &2128653380
MonoBehaviour:
  m_ObjectHideFlags: 0
  m_CorrespondingSourceObject: {fileID: 0}
  m_PrefabInstance: {fileID: 0}
  m_PrefabAsset: {fileID: 0}
  m_GameObject: {fileID: 2128653379}
  m_Enabled: 1
  m_EditorHideFlags: 0
  m_Script: {fileID: 11500000, guid: a200b19ca1a9685429ed7e043c28e904, type: 3}
  m_Name: 
  m_EditorClassIdentifier: 
  m_Resolution: 20
  m_Appearance:
    pathColor: {r: 0, g: 1, b: 0, a: 1}
    inactivePathColor: {r: 0.5, g: 0.5, b: 0.5, a: 1}
    width: 0.2
  m_Looped: 0
  m_Waypoints:
  - position: {x: -128.12, y: 0, z: -12.84}
    roll: 0
  - position: {x: -416.6, y: 0, z: -25.9}
    roll: 0
--- !u!4 &2128653381
Transform:
  m_ObjectHideFlags: 0
  m_CorrespondingSourceObject: {fileID: 0}
  m_PrefabInstance: {fileID: 0}
  m_PrefabAsset: {fileID: 0}
  m_GameObject: {fileID: 2128653379}
  m_LocalRotation: {x: 0, y: 0, z: 0, w: 1}
  m_LocalPosition: {x: -41.83096, y: 12.799999, z: -10}
  m_LocalScale: {x: 1, y: 1, z: 1}
  m_Children: []
  m_Father: {fileID: 0}
  m_RootOrder: 11
  m_LocalEulerAnglesHint: {x: 0, y: 0, z: 0}
--- !u!1001 &5445657494539007088
PrefabInstance:
  m_ObjectHideFlags: 0
  serializedVersion: 2
  m_Modification:
    m_TransformParent: {fileID: 0}
    m_Modifications:
    - target: {fileID: 5139651101583749508, guid: 2b10d5b52521bb441b9f01b47059e7a7, type: 3}
      propertyPath: m_Name
      value: alienship
      objectReference: {fileID: 0}
    - target: {fileID: 5139651101583749508, guid: 2b10d5b52521bb441b9f01b47059e7a7, type: 3}
      propertyPath: m_Layer
      value: 2
      objectReference: {fileID: 0}
    - target: {fileID: 5139651101583749508, guid: 2b10d5b52521bb441b9f01b47059e7a7, type: 3}
      propertyPath: m_TagString
      value: Alienship
      objectReference: {fileID: 0}
    - target: {fileID: 5445657496350368669, guid: 2b10d5b52521bb441b9f01b47059e7a7, type: 3}
      propertyPath: m_Enabled
      value: 1
      objectReference: {fileID: 0}
    - target: {fileID: 5483244553599740734, guid: 2b10d5b52521bb441b9f01b47059e7a7, type: 3}
      propertyPath: m_RootOrder
      value: 1
      objectReference: {fileID: 0}
    - target: {fileID: 5483244553599740734, guid: 2b10d5b52521bb441b9f01b47059e7a7, type: 3}
      propertyPath: m_LocalPosition.x
      value: -56
      objectReference: {fileID: 0}
    - target: {fileID: 5483244553599740734, guid: 2b10d5b52521bb441b9f01b47059e7a7, type: 3}
      propertyPath: m_LocalPosition.y
      value: -455
      objectReference: {fileID: 0}
    - target: {fileID: 5483244553599740734, guid: 2b10d5b52521bb441b9f01b47059e7a7, type: 3}
      propertyPath: m_LocalPosition.z
      value: 272
      objectReference: {fileID: 0}
    - target: {fileID: 5483244553599740734, guid: 2b10d5b52521bb441b9f01b47059e7a7, type: 3}
      propertyPath: m_LocalRotation.w
      value: 1
      objectReference: {fileID: 0}
    - target: {fileID: 5483244553599740734, guid: 2b10d5b52521bb441b9f01b47059e7a7, type: 3}
      propertyPath: m_LocalRotation.x
      value: 0
      objectReference: {fileID: 0}
    - target: {fileID: 5483244553599740734, guid: 2b10d5b52521bb441b9f01b47059e7a7, type: 3}
      propertyPath: m_LocalRotation.y
      value: 0
      objectReference: {fileID: 0}
    - target: {fileID: 5483244553599740734, guid: 2b10d5b52521bb441b9f01b47059e7a7, type: 3}
      propertyPath: m_LocalRotation.z
      value: 0
      objectReference: {fileID: 0}
    - target: {fileID: 5483244553599740734, guid: 2b10d5b52521bb441b9f01b47059e7a7, type: 3}
      propertyPath: m_LocalEulerAnglesHint.x
      value: 0
      objectReference: {fileID: 0}
    - target: {fileID: 5483244553599740734, guid: 2b10d5b52521bb441b9f01b47059e7a7, type: 3}
      propertyPath: m_LocalEulerAnglesHint.y
      value: 0
      objectReference: {fileID: 0}
    - target: {fileID: 5483244553599740734, guid: 2b10d5b52521bb441b9f01b47059e7a7, type: 3}
      propertyPath: m_LocalEulerAnglesHint.z
      value: 0
      objectReference: {fileID: 0}
    - target: {fileID: 6652741347863662673, guid: 2b10d5b52521bb441b9f01b47059e7a7, type: 3}
      propertyPath: m_Materials.Array.data[0]
      value: 
      objectReference: {fileID: 2100000, guid: e0762a04bed1901499fec03852c340ba, type: 2}
    - target: {fileID: 6652741347863662673, guid: 2b10d5b52521bb441b9f01b47059e7a7, type: 3}
      propertyPath: m_Materials.Array.data[1]
      value: 
      objectReference: {fileID: 2100000, guid: cf941b6854592764fbd704d4c81f0f82, type: 2}
    - target: {fileID: 6652741347863662673, guid: 2b10d5b52521bb441b9f01b47059e7a7, type: 3}
      propertyPath: m_Materials.Array.data[2]
      value: 
      objectReference: {fileID: 2100000, guid: 4e646e8c1d170e346a0c8fd08589bbb0, type: 2}
    - target: {fileID: 6652741347863662673, guid: 2b10d5b52521bb441b9f01b47059e7a7, type: 3}
      propertyPath: m_Materials.Array.data[3]
      value: 
      objectReference: {fileID: 2100000, guid: 5132bd551158e8640977dc06c0e774b2, type: 2}
    - target: {fileID: 6652741347863662673, guid: 2b10d5b52521bb441b9f01b47059e7a7, type: 3}
      propertyPath: m_Materials.Array.data[4]
      value: 
      objectReference: {fileID: 2100000, guid: cf941b6854592764fbd704d4c81f0f82, type: 2}
    - target: {fileID: 6652741347863662673, guid: 2b10d5b52521bb441b9f01b47059e7a7, type: 3}
      propertyPath: m_Materials.Array.data[5]
      value: 
      objectReference: {fileID: 2100000, guid: 1a4d44c9d5493d144b5961a9441d7718, type: 2}
    m_RemovedComponents: []
  m_SourcePrefab: {fileID: 100100000, guid: 2b10d5b52521bb441b9f01b47059e7a7, type: 3}
